2722 5272
94 359 95 366 Ν
203 393 286 472 ata
331 449 346 456 -.
381 397 1129 472 ‘uxuuuuuuxuuucnnnanun

205 591 207 596 ¹
259 566 384 629 ·'Auno
405 564 536 630 matum
556 562 634 640 964,
657 563 840 626 Gnocomm
866 565 964 639 1286,
985 561 1308 649 Bommoaamadmpo-

210 677 294 732 rator
313 667 415 754 luen„
426 667 573 728 idem-illa
587 659 894 746 Solinmuachchigua,
916 655 1036 746 Syriam
1053 665 1218 746 ingrasnus,
1240 669 1308 730 Ha·

163 779 164 782 ’
210 771 331 832 madaur
351 779 381 829 et
394 770 556 830 Balbecum
571 766 652 847 cepit
667 777 697 827 et
713 785 803 846 quum
818 769 992 828 Damaacum
1009 767 1199 848 profactmua
1217 780 1305 849 eaaat,

209 871 448 947 Bar-Zaccath,
470 868 579 928 nobilio
596 868 815 948 Arabesque,
836 871 947 950 acripta
968 870 1007 930 ad
1033 870 1168 930 llamaaci
1190 873 1306 952 praese.

212 982 305 1048 ctum,
327 971 521 1050 Phemonoen,
539 970 681 1051 epistola,
702 971 861 1032 ccuailiuin
878 972 905 1031 ei
917 969 1009 1046 dedit,
1030 989 1083 1047 ne,
1105 991 1194 1051 quum
1208 972 1304 1034 imbe-

212 1073 312 1133 cillior
326 1082 416 1145 eaaot,
437 1073 642 1134 Romanorum
652 1073 715 1151 regi
730 1072 894 1136 obaiateret.
910 1111 915 1122 ·
936 1073 1151 1154 obtemperana
1165 1073 1305 1135 ille'huio

211 1173 521 1254 coneilio-imperatori
535 1173 811 1252 Scitumuacluclrigo
831 1175 1028 1236 obedientiam
1042 1183 1072 1236 et
1092 1179 1228 1252 800,οω
1244 1197 1304 1236 au-

211 1297 312 1336 rorum
329 1276 477 1338 tributum
494 1277 649 1357 promitit,
672 1296 732 1355 quo
746 1277 908 1358 imperator
921 1275 1213 1358 Sclrumuaohclrigua
1227 1297 1303 1338 ecu-

210 1369 312 1437 tcntua
337 1377 405 1440 fuit.
454 1379 534 1440 Huic
558 1381 700 1440 llamnaco
723 1379 974 1458 appropinquanti
994 1378 1161 1457 Phatqanua
1185 1380 1302 1442 obviam

211 1481 310 1542 factm
328 1499 404 1562 equo
426 1481 579 1542 deaccudit
598 1492 626 1542 et
639 1491 750 1542 terram
764 1480 921 1560 aliquoties
936 1481 1084 1541 oeculatua
1100 1489 1154 1538 eat.
1195 1479 1303 1540 Laetua

211 1579 269 1642 hac
291 1603 324 1643 re
338 1584 498 1664 imperator
518 1605 626 1664 equum
647 1581 845 1642 conacendare
859 1601 925 1642 eum
944 1582 1035 1642 iuaait
1047 1581 1235 1660 multumque
1245 1581 1304 1641 ho·

210 1684 340 1744 noravit.
383 1685 483 1746 lucana
507 1687 627 1762 deinde,
649 1693 683 1744 ut
701 1703 803 1744 coram
823 1703 858 1744 ao
873 1683 1044 1762 decurreret
1061 1692 1091 1743 et
1102 1682 1224 1742 militiae
1239 1701 1304 1764 ape·

213 1784 310 1844 cirnen
324 1784 438 1860 ederat,
461 1807 554 1865 quum
566 1784 761 1862 decurriaaet,
781 1785 969 1866 imperatorin
983 1786 1072 1846 lauda
1085 1795 1182 1844 motata
1193 1785 1305 1846 itemm

212 1905 289 1964 equo
304 1885 457 1948 descendit
467 1897 634 1967 terramque
643 1887 793 1948 occidatur
806 1896 858 1946 eat
899 1887 1087 1970 Imperatoria
1097 1886 1177 1946 iuaau
1191 1905 1306 1966 equum

213 1986 392 2046 conscendit
411 1995 442 2046 ct
465 2007 555 2067 quum
577 1988 628 2048 ille
650 1987 739 2048 uniua
759 1995 879 2048 tantum
902 1990 974 2050 anni
992 1989 1138 2074 tributum
1163 1988 1305 2068 exigeret,

213 2088 313 2149 denuo
335 2087 515 2168 descendit,¹
532 2098 643 2150 terram
662 2089 861 2154 osculaturus.
903 2090 1079 2172 Imperatori
1095 2111 1220 2170 equum,
1242 2109 1304 2172 quo

209 2204 316 2255 vectus
340 2193 527 2265 decurrerat,
548 2191 679 2269 gladium
701 2201 731 2250 et
745 2191 862 2256 haatam
882 2193 1045 2272 poatulanti
1067 2212 1130 2252 uon
1147 2192 1221 2254 haec
1233 2203 1306 2254 tan-

210 2305 293 2372 tum,
317 2295 370 2354 aed
383 2295 561 2356 coelimonta-
570 2313 702 2372 quoquc,
729 2303 861 2354 aromata
876 2304 906 2354 ct
920 2295 1021 2354 decem
1035 2314 1127 2374 equos
1142 2313 1212 2354 cum
1224 2295 1306 2354 mul-

124 2427 126 2440 ·
209 2399 250 2457 tin
272 2397 366 2458 hautio
390 2395 514 2470 obtulit;
538 2393 590 2453 aed
608 2395 771 2476 imperator
785 2397 879 2456 iatum
901 2405 1018 2457 tantum
1039 2411 1150 2477 equum
1170 2405 1201 2455 et
1219 2396 1306 2460 iatam

209 2507 329 2560 tantum
341 2499 456 2558 haatam
473 2494 606 2576 accepit,
626 2497 749 2576 reliquia
763 2497 905 2572 redditio,
926 2497 1132 2558 benevolentia
1152 2498 1219 2558 eiua
1230 2519 1306 2559 cou-

208 2613 325 2674 teuton
347 2601 408 2660 imo
429 2597 562 2658 amicivit
576 2597 760 2679 Phatganum
781 2599 944 2681 splendidia
960 2601 1092 2660 vectibus
1105 2609 1137 2660 et
1154 2610 1307 2681 proeteraa

210 2701 351 2782 operibus
371 2721 442 2762 auro
460 2697 647 2778 fabrefacti„
666 2703 796 2762 ventibua
819 2709 940 2780 argento
957 2700 1045 2760 tentia
1063 2709 1093 2760 et
1106 2703 1196 2762 mulia
1215 2702 1307 2762 dona-

210 2803 268 2864 vit.
309 2803 383 2862 Inde
398 2773 538 2862 Sidofftm
559 2801 713 2880 proiectus
729 2813 788 2880 eat,
814 2804 900 2864 cuius
921 2801 1002 2862 ciacc
1018 2799 1137 2862 obviam
1148 2805 1259 2882 egicaai
1273 2823 1307 2865 ae

213 2904 404 2965 subiecerunt
425 2903 508 2962 dona
524 2901 696 2983 offerentes,
724 2914 907 2987 quapropter
921 2903 958 2962 iia
975 2902 1087 2964 relictio
1105 2904 1239 2984 Beryton
1252 2906 1307 2964 du·

213 3007 277 3081 xit,
298 3025 386 3086 qnam
408 3003 442 3064 vi
464 3003 581 3083 aperuit
596 3013 627 3064 et
645 3007 782 3088 diripuit.
826 3005 899 3066 lude
917 3004 1059 3064 Gabalum
1077 3004 1213 3066 renitet
1236 3006 1306 3086 quia

214 3108 277 3168 eiua
295 3107 412 3168 incolae
431 3103 624 3185 renieteliant,
645 3109 677 3168 vi
700 3111 788 3170 etiam
808 3106 999 3189 expugnavit
1040 3105 1164 3187 Direpta
1186 3108 1306 3168 calar-

214 3231 271 3270 aon
287 3211 443 3291 proiectae
460 3219 523 3286 eat,
544 3209 596 3269 ubi
610 3211 807 3292 imperatricis
825 3208 1035 3290 'theophaniae
1049 3209 1143 3269 trater
1157 3227 1305 3270 venenum

118 3379 123 3388 .
213 3313 241 3373 ei
261 3311 427 3392 potandum
444 3309 595 3390 praebuit,
618 3323 799 3394 quapropter
818 3313 851 3372 in
866 3331 985 3392 gravem
1003 3311 1139 3370 morbum
1156 3311 1264 3371 incidit
1278 3321 1308 3374 et

211 3412 248 3472 in
262 3413 368 3473 urbem
383 3411 494 3492 regiam
509 3433 648 3474 reveraua
661 3426 802 3476 mortuus
812 3425 870 3491 eat,
892 3423 1051 3495 poatquam
1071 3421 1201 3492 quatuor
1213 3434 1307 3474 aunoa

211 3523 399 3591 regnaverat.
449 3513 562 3576 Hicin
583 3515 867 3596 agendoetrenuua‚
895 3535 1021 3596 corporo
1044 3515 1181 3592 validm,
1209 3518 1308 3578 auimo

213 3611 317 3692 fortia,
338 3615 418 3676 bello
431 3615 505 3675 felix
520 3626 592 3678 erat
636 3619 743 3678 Statim
756 3640 772 3678 a
786 3617 870 3697 regui
888 3617 974 3678 initio
990 3635 1059 3695 erga
1072 3637 1174 3678 omnca
1187 3639 1308 3698 magua·

212 3715 331 3776 nimum
352 3735 383 3775 ae
401 3717 553 3797 praebuit,
583 3721 775 3802 captivoaque
796 3719 919 3782 dimisit
963 3718 1224 3800 Couatautinopoli
1241 3741 1310 3780 ma-

212 3836 302 3898 gnam
320 3819 478 3881 eccleciam
501 3819 688 3900 aedificavit,
721 3823 830 3882 multae
846 3821 954 3897 urben,
980 3819 1151 3900 multaeque
1172 3821 1309 3901 rcgiouea

213 3919 339 4000 aubegit.
381 3920 534 3980 Mortuum
551 3921 704 4004 principer
728 3933 758 3984 et
771 3921 873 4005 plebea
896 3922 1004 3983 mirum
1020 3921 1054 3982 in
1075 3921 1201 3982 modum
1219 3923 1311 3984 luxe-

213 4030 296 4084 runt.
338 4019 410 4081 Poat
427 4039 497 4080 eum
517 4019 705 4101 imperatoria
719 4025 845 4086 Romani
865 4023 937 4098 tilii,
958 4023 1084 4084 Baailiua
1108 4033 1139 4083 ct
1162 4024 1311 4084 conaem-

211 4120 312 4198 tinua,
334 4141 389 4202 per
409 4121 451 4212 85
477 4141 571 4182 annor
583 4123 744 4204 imperium
767 4127 962 4187 obtinuerunt
975 4145 1048 4188 vero
1066 4143 1166 4184 amore
1186 4145 1218 4184 ae
1231 4123 1312 4186 invi.

208 4238 279 4280 ¹cene
294 4221 457 4302 complexi.
495 4223 647 4304 Racilius,
670 4226 740 4308 quia
753 4227 925 4290 bellicosior
941 4237 1019 4304 erat,
1041 4226 1239 4290 Conatautiuo
1252 4228 1312 4290 in·

94 4415 98 4424 ¹
212 4327 260 4382 tre
271 4319 306 4410 in
318 4322 392 4385 urba
401 4325 483 4406 regia
493 4325 600 4388 relicto
608 4371 619 4405 ‚
639 4329 784 4390 contiuuo
801 4349 871 4391 cum
886 4327 1030 4392 &rabitur
1044 4327 1122 4390 tella
1134 4329 1237 4410 gerit
1259 4371 1261 4376 ·
