2722 5272
207 355 283 433 eea
548 363 585 432 c.
604 351 641 432 a.
661 359 778 434 nasu
797 363 949 434 noran
1009 375 1010 380 ο
1085 455 1092 474 ,Ι

207 519 407 610 παρατάξεων,
427 527 488 587 reio
503 521 607 588 ἵππων
616 517 716 588 eisaie
727 515 947 588 οέεοωλεένεων.
972 517 1024 586 nol
1037 515 1103 586 ries
1113 516 1247 604 ἤρξωντο
1260 521 1296 587 ei

200 607 315 694 ’ἄπειρα
329 602 434 690 πλήθη
447 613 508 671 τῶν
520 611 618 682 πεζοῑν
631 612 686 671 τοῦ
699 609 829 714 Χορβᾰᾶ
839 609 937 686 §iosos
952 603 1128 690 συγκόπτειν
1141 609 1295 689 σφοδροῖς·

99 699 130 758 1².
145 698 199 757 204
212 693 266 770 οὓς
281 693 536 776 σορκοπτομένονς
547 689 651 756 tutat
664 687 789 770 ἆλαζων,
810 687 883 775 ‘repis
899 687 1000 776 puysie
1012 691 1156 775 ἐτρέπετο,
1178 691 1232 752 roi
1242 688 1296 756 osi·

209 785 270 857 ζειν
285 774 392 842 iconis
409 773 465 880 inp
481 772 609 858 δύναμις
631 777 825 860 διηγωνίζετο.
855 775 917 840 nst
932 772 1026 851 οὕτως
1041 776 1059 840 i
1073 770 1252 858 Μέγιοτρος
1263 771 1294 840 ri

207 859 338 946 κέντρον
356 859 390 928 τέ
410 865 513 924 Xoien
531 856 658 942 ω’ροχηεέ
673 861 837 942 παρέλαβε,
857 860 909 923 nai
928 854 1213 941 ἆναλαμβονὸμενος
1225 857 1295 935 eosic

208 945 413 1031 ζωγρηθέντας
432 941 630 1028 Ἅγορηνοῦς,
649 945 700 1007 noi
725 941 782 1026 τὴν
800 941 915 1027 troii-siv
928 950 989 1007 etin
1004 940 1294 1027 λαφύρωνζσυνωγω-

206 1029 281 1117 γῆν,
302 1027 378 1112 πρὸς
395 1027 428 1094 ri
450 1026 614 1105 Βυζάντιον
639 1024 835 1113 ἀναστρέφειν
859 1029 955 1111 lupam
971 1031 1043 1093 isio.
1083 1028 1105 1088 I.
1122 1047 1147 1087 e.
1171 1031 1227 1088 Ise
1244 1052 1294 1088 re-

205 1121 285 1198 gina
308 1115 428 1174 urbium
444 1117 601 1194 profectus
624 1118 657 1175 in
678 1135 789 1195 agrurn
801 1113 941 1174 barbaria
953 1115 1171 1172 conterminum
1184 1135 1215 1172 se
1227 1135 1295 1173 con-

208 1203 296 1276 tulit,
318 1201 465 1280 regionem
486 1197 624 1259 incendio
642 1210 785 1276 vastans,
805 1201 986 1258 munitiones
1002 1209 1138 1258 evertens.
1179 1197 1295 1258 Deinde

208 1284 348 1344 onmibus
371 1287 466 1362 copiis
491 1284 623 1364 Aiepum
644 1283 810 1358 contendit,
833 1285 1112 1362 frequentissimam
1128 1283 1295 1364 opulensque

209 1371 352 1447 refertam
363 1371 528 1446 civitatem,
552 1367 698 1429 adversus
713 1371 841 1448 impium
858 1367 1099 1430 Chaenlsdanum.
1140 1367 1205 1444 Ito,
1228 1389 1295 1427 cum

209 1451 256 1511 ad
272 1453 374 1512 urbem
392 1454 479 1512 illam
498 1457 691 1534 pervenisset,
712 1451 837 1534 offendit
850 1457 964 1511 oneum
979 1474 1046 1512 eam
1063 1451 1295 1514 Chanrhdanum

208 1542 274 1596 acie
295 1541 446 1596 instructa
458 1559 573 1618 magna
590 1559 660 1598 eum
673 1537 870 1598 multitudine
885 1537 1043 1616 Arabum,
1064 1539 1296 1608 Delemitarum,

210 1621 397 1700 Cardorum‚
419 1634 593 1704 cannaque
612 1622 756 1682 turberes
779 1625 898 1702 regione
915 1633 1040 1680 coacta:
1062 1619 1223 1702 peditibus
1239 1623 1295 1680 leo-

86 1755 89 1762 .
207 1710 304 1765 etium
325 1708 583 1788 Alepensibuaque
605 1708 681 1766 solia
706 1707 793 1765 ambo
806 1705 901 1768 seoda
913 1708 1062 1788 fluminis
1083 1706 1294 1784 obtinentibus,

208 1801 246 1850 ut
256 1794 389 1850 transitu
400 1795 558 1850 concitum
570 1793 744 1851 Romanum
750 1791 950 1870 prohiberent.
991 1793 1055 1850 Istc
1070 1791 1295 1869 Chanebdarnes,

208 1897 261 1954 ape
270 1877 358 1952 falsa
371 1874 523 1950 inductus,
537 1877 671 1955 firme'ter
683 1876 871 1952 consistebat,
893 1879 1039 1956 ignorans
1054 1879 1158 1952 miser,
1181 1879 1215 1936 in
1233 1899 1296 1936 ma-

207 1979 254 2019 nu
325 1959 396 2017 beili
421 1959 589 2038 auxilium,
612 1972 639 2019 et
658 1960 716 2019 hoc
735 2005 742 2021 .
760 2005 767 2021 .
788 1959 874 2019 leeris
894 1963 1045 2041 Magistro
1068 1961 1295 2041 investiga[nte]

206 2041 294 2102 vado
311 2043 474 2125 fluminis,
502 2043 661 2125 diligenter
678 2056 835 2125 perspecto
854 2045 989 2106 locorum
1009 2048 1072 2104 situ
1086 2067 1142 2126 per
1158 2049 1296 2126 superius

207 2127 339 2206 vadum,
360 2149 448 2208 aegre
466 2131 548 2206 iicet,
570 2151 641 2188 cum
661 2130 848 2210 equestribus
866 2133 1000 2189 numeris
1016 2133 1100 2210 equis
1118 2131 1296 2190 natantehus

209 2217 329 2274 transit.
374 2215 441 2292 Quo
474 2226 615 2295 superato
639 2214 887 2274 innumerabilem
909 2213 1137 2272 multitudinem
1157 2215 1296 2294 pediturn

165 2359 172 2374 ,
212 2295 403 2358 Ctamtdazt
420 2301 529 2358 acriter
546 2295 667 2380 gladiis
690 2301 831 2380 conficere
844 2309 1016 2378 coeperunt:
1038 2319 1114 2379 quos
1128 2321 1198 2359 cum
1212 2297 1297 2358 caedi

208 2379 323 2441 videret
333 2403 483 2462 arrogans
494 2383 656 2460 barbarus,
679 2387 712 2443 in
725 2385 842 2464 fugam
857 2403 1018 2444 conversus
1033 2386 1108 2464 quin
1122 2393 1297 2444 asservaret

208 2467 291 2524 nitet
305 2465 350 2526 ad
361 2471 539 2528 celeritatem
556 2469 617 2528 sibi
630 2469 743 2548 reliqui
745 2471 833 2548 fecit.
876 2468 983 2548 Itaque
997 2470 1161 2547 Magister,
1183 2472 1298 2528 nemine

209 2553 345 2630 amplius
359 2556 523 2632 resistente,
543 2555 664 2632 Haiepo
677 2554 748 2612 urbe
755 2556 878 2634 potitus
891 2564 942 2628 est,
967 2555 1186 2634 Saracenisque
1198 2557 1296 2634 captis

207 2647 237 2694 et
253 2657 369 2716 magna
383 2637 518 2715 praedae
540 2641 573 2696 oi
587 2641 751 2714 assumtis,
776 2639 1068 2716 Constantinopolim
1083 2643 1192 2697 reverti
1205 2643 1296 2697 inati-

207 2724 281 2778 tua't.
320 2721 400 2780 Haec
420 2722 478 2780 iam
504 2741 521 2780 a
540 2742 587 2780 me
600 2721 632 2780 in
653 2722 779 2782 Notitiae
797 2722 1003 2804 Manuscriptt.
1018 2721 1095 2787 vlu
1108 2724 1179 2788 265.
1194 2724 1228 2782 C.
1247 2745 1297 2784 re·

206 2803 268 2862 lata
283 2803 343 2864 hnc
358 2807 507 2882 revocavi,
528 2815 563 2864 nt
580 2805 736 2866 historiam
752 2807 950 2887 expeditionis
967 2805 1201 2888 Nicephorium
1223 2808 1296 2866 illn-

207 2888 342 2946 strantia.
383 2888 513 2948 Eandem
538 2890 706 2949 summatim
726 2891 876 2968 attingunt
901 2889 1023 2952 Cedren.
1045 2891 1153 2957 tiata.
1176 2893 1210 2950 B.
1238 2891 1296 2950 ui·

207 2969 413 3051 chathlycas
431 2975 502 3038 805.
519 2972 554 3032 Α.
571 2975 699 3034 zonam
713 2974 752 3034 11.
768 2979 839 3042 197.
854 2976 888 3034 B.
902 2985 932 3034 et
939 2975 1058 3033 Simeon
1070 2975 1207 3053 Magister
1219 2977 1297 3034 inter

206 3056 331 3134 Scriptt.
343 3067 411 3136 post
425 3055 599 3136 Theophan.
613 3058 686 3124 498.
702 3059 735 3117 D.
766 3059 951 3138 Copiosiores
967 3068 1036 3118 sunt
1054 3059 1225 3120 Elmacinus
1240 3060 1297 3120 ffi-

208 3142 301 3199 storia
313 3142 447 3201 Saracen.
462 3141 524 3200 adit
538 3143 646 3221 Erpen.
659 3145 731 3210 228.
743 3139 775 3202 C.
787 3143 1023 3223 Abnlpharagius
1039 3141 1178 3205 Chronic.
1193 3148 1259 3223 Syr.
1275 3145 1297 3205 1.

208 3225 278 3290 195.
300 3227 334 3287 C.
356 3235 385 3284 et
403 3225 548 3285 Abulieda
571 3227 679 3286 ΔειιιεΙ.
699 3227 876 3288 Moslemicis
902 3227 973 3287 edit.
993 3227 1094 3287 Adler.
1114 3229 1150 3288 Π.
1170 3231 1243 3294 476.
1260 3229 1298 3291 Δ.

206 3307 385 3386 Delemitae,
407 3329 532 3388 qnorum
554 3309 590 3370 fit
602 3311 712 3372 mentio
728 3332 818 3392 snpra
832 3315 904 3378 203.
919 3312 952 3374 G.
967 3320 1040 3370 snut
1050 3331 1120 3390 gens
1135 3313 1167 3370 in
1179 3313 1298 3372 Parthia

182 3391 291 3451 Bcirca
310 3413 393 3454 mars
405 3393 562 3475 Caspium,
584 3396 617 3456 in
636 3397 705 3474 ingo
723 3398 868 3457 montium
882 3415 942 3475 quo
963 3415 1046 3455 nunc
1060 3395 1171 3454 Ghilan
1187 3406 1216 3456 et
1232 3398 1297 3456 Mn·

126 3517 130 3538 .
205 3476 365 3536 aanderam
397 3499 414 3537 a
441 3479 605 3558 provinciis
633 3479 755 3558 Algebsl
780 3489 810 3540 et
838 3481 907 3541 irak
922 3479 1017 3559 Ajami
1043 3480 1298 3542 disterminantur.

205 3559 373 3621 Dilimnitaa
395 3561 605 3644 [Διλεμνέταρ]
631 3574 794 3624 memorant
809 3565 869 3624 iam
879 3563 1018 3642 Agathias
1034 3570 1085 3631 92.
1101 3565 1136 3626 D.
1151 3575 1182 3624 et
1199 3565 1299 3626 Theo·

205 3641 363 3723 phylistus
382 3647 534 3708 Simooatt.
553 3652 605 3714 96.
628 3649 660 3709 C.
687 3649 855 3708 militabant
868 3657 944 3708 tunc
958 3667 1025 3708 cum
1040 3649 1147 3708 Gurdis
1163 3649 1299 3710 finitimis

205 3731 240 3786 in
262 3729 440 3790 exercitibus
462 3733 605 3796 Arabum.
646 3732 829 3796 Theodosius
851 3733 999 3794 Diaconos
1016 3733 1060 3794 D'e
1081 3736 1299 3817 expugnatione

207 3812 564 3884 transieramus:
1216 3815 1219 3820 ’

629 3977 671 3991 -
685 3941 765 4025 πλήν
787 3943 821 4010 έν
841 3941 923 4028 τάχει
1046 3957 1049 3964 “

372 4025 439 4088 Τῶν
460 4029 627 4106 Δελεμιτοῖν
640 4031 799 4110 fletrinio
813 4027 885 4106 eosic
898 4025 1010 4106 τόπους

369 4111 473 4174 Πεέοεε
495 4115 654 4175 καλεῖσθαι
675 4110 729 4178 σὸν
751 4113 850 4195 βέλος,
872 4109 1123 4199 σκηωεροκρᾶεορ.

204 4228 330 4288 Tametsi
345 4231 388 4293 ibi
407 4235 564 4314 Pogginiua
576 4240 648 4303 389.
670 4241 705 4299 Ι).
720 4245 889 4322 Δελεμιεοῖν
911 4261 974 4300 non
990 4241 1085 4320 gentis
1101 4261 1210 4302 nomen
1218 4288 1228 4320 ,
1249 4243 1303 4302 sed

203 4314 380 4392 generaliter
396 4321 529 4382 omnium
543 4325 757 4386 Saracenorum
771 4337 1000 4406 cognomentum
1013 4347 1074 4387 ease
1090 4337 1187 4410 putet.
1230 4329 1303 4388 Flu-

1303 3993 1341 4070 is,
