2714 5138
195 363 258 412 xx,
631 347 670 416 C.
689 349 725 415 B.
746 343 862 416 nasu
908 413 915 426 .

196 509 305 588 donio,
327 507 523 590 (improlem,
544 505 706 568 Theodoro
718 508 814 584 Gaea,
836 505 1058 588 Gbalcondyla,
1079 505 1120 569 id
1133 527 1224 588 genua
1241 507 1292 568 di-

196 612 286 674 cendi
307 619 442 693 epretum
467 617 565 671 eatae
585 597 749 692 repulaum.
792 609 888 670 Simul
906 608 998 668 iidem
1017 607 1108 689 primi
1128 619 1293 691 coeperunt

102 715 133 768 P·
148 715 183 768 IX
199 711 298 776 minua
315 713 465 774 serviliter
484 721 620 772 veterum
640 713 754 793 aly-lum
776 732 813 772 ac
834 711 985 772 acribendi
1007 711 1153 772 rationem
1169 713 1292 774 imitari.

193 818 269 880 nam
286 825 364 894 ante,
376 813 470 876 veluti
486 821 621 874 emortua
634 815 745 894 lingua,
761 815 819 874 eibi
832 813 893 894 ipai
907 812 1083 873 diffidebant
1099 816 1161 876 lere
1172 825 1292 892 omnm

195 928 226 980 at
244 926 330 978 erant
340 927 482 998 tanquam
494 915 629 976 anniculi
641 917 781 994 infantes,
803 915 855 997 qui
867 915 987 976 nonniai
1001 901 1040 976 iu'
1048 916 1218 994 curriculo,
1241 925 1294 976 aut

195 1029 356 1104 praeeunte
378 1020 472 1097 duce,
492 1017 687 1080 inambulant.
728 1019 796 1078 Non
815 1038 975 1098 perennem
990 1038 1026 1077 ao
1039 1029 1213 1099 perpetuam
1227 1028 1293 1078 tum

196 1123 376 1205 aimplicium
392 1130 457 1182 tum
472 1121 685 1180 collocatorum
703 1122 862 1192 verbenam
881 1131 912 1182 et
924 1122 1017 1182 totius
1029 1129 1197 1212 etructurae
1216 1139 1295 1180 oon-

138 1279 142 1288 ,
197 1226 371 1287 cinnitatem
390 1241 607 1300 numerumque
630 1223 874 1300 aemulabantur,
894 1245 957 1284 non
980 1223 1084 1304 (quod
1098 1232 1189 1303 caput
1210 1219 1293 1302 erat)

196 1329 311 1389 animoa
336 1335 450 1387 erector
465 1333 612 1384 veterum:
634 1325 686 1384 aed
701 1325 727 1384 ai
742 1345 817 1405 quoe
831 1323 1047 1408 eniatimabant⁸
1058 1325 1222 1386 imitatione
1243 1323 1294 1416 di-

197 1451 287 1512 gnae,
308 1449 410 1490 eorum
433 1426 555 1509 phraaea
575 1425 710 1506 undique
733 1438 866 1508 arreptae
879 1427 918 1487 ad
935 1427 1060 1488 verbum
1077 1428 1305 1496 transferebant,
1328 1419 1332 1460 Ψ

195 1533 229 1593 in
260 1532 385 1615 propria
412 1530 533 1609 acripta.
575 1527 675 1607 Neque
697 1529 756 1588 alio
777 1539 868 1610 pacto
887 1531 948 1591 Leo
971 1532 1039 1610 egit.
1083 1531 1295 1592 Verumtamen

195 1634 276 1696 inter
298 1655 365 1695 eum
389 1639 419 1692 et
441 1631 577 1710 aequalea
597 1630 689 1711 ipsius
713 1631 792 1691 illud
810 1632 952 1709 intereat,
975 1633 1057 1712 quod
1076 1634 1127 1710 hi,
1149 1642 1316 1713 quantum

130 1719 132 1724 ,
196 1729 336 1822 poaaent,
358 1753 460 1794 omnea
471 1731 689 1814 propemodum
702 1733 836 1792 omnium
848 1746 1006 1796 auctorum
1019 1736 1166 1796 nobilium
1180 1735 1295 1795 conau-

196 1849 313 1900 merent
333 1836 449 1897 arculaa
471 1835 632 1912 imitando,
654 1827 760 1895 Leonis
781 1857 878 1896 sermo
891 1857 907 1896 e
919 1837 1015 1898 tribue
1030 1838 1147 1898 demum
1159 1837 1296 1896 lontibua

195 1941 337 2017 duxerit,
360 1959 398 1999 ex
412 1937 633 1999 versionem.
648 1937 845 2018 interpretum
867 1940 974 2018 (libror
992 1941 1066 2000 novi
1081 1941 1221 2004 Foederic
1238 1939 1296 1998 mi.

195 2061 254 2102 uua
271 2041 375 2102 crebro
397 2036 570 2124 compilat),
592 2041 793 2118 exHomero,
816 2061 854 2101 ex
867 2041 989 2120 Agatbia
1004 2043 1177 2122 Myrinenu'.
1220 2041 1296 2102 Inde

195 2141 330 2223 piacatua
347 2149 391 2202 eat
401 2142 579 2219 locutionea,
601 2143 709 2224 quibua
724 2144 835 2224 scripta
851 2144 971 2204 infercit
985 2153 1015 2204 et
1027 2147 1128 2225 explet
1144 2166 1215 2222 cua,
1226 2155 1294 2204 tan-

197 2263 286 2324 quam
309 2243 342 2302 in
366 2263 461 2304 unum
483 2265 586 2324 agrum
606 2246 696 2327 plura
721 2245 800 2304 inter
826 2266 858 2306 ae
873 2244 995 2306 inimica
1017 2269 1155 2328 spargens
1172 2247 1294 2309 semina.

196 2343 254 2405 Sed
278 2365 341 2406 non
360 2345 453 2406 refert
472 2345 568 2407 alieno
583 2358 693 2416 ornatu
710 2347 893 2426 distinguere
916 2369 1097 2427 termonem,
1119 2350 1188 2410 niai,
1201 2371 1294 2429 queaa

197 2445 232 2508 id
254 2467 322 2506 cum
344 2447 457 2508 iudicio
472 2459 598 2529 apteque
622 2451 732 2510 facere:
753 2445 911 2529 minusque
924 2471 1015 2528 genua
1031 2451 1149 2512 dicendi
1165 2453 1228 2512 eiua
1242 2454 1295 2515 vi·-

198 2547 320 2610 deretur
333 2549 556 2627 inconcinnum,
573 2553 607 2628 ai,
630 2551 766 2632 deponito
781 2552 861 2611 omni
875 2551 1037 2612 rhetorices
1053 2553 1194 2634 strepitu,
1217 2554 1297 2614 Con·

199 2650 323 2710 amntini
334 2650 613 2732 Porphyrogenetae
624 2654 760 2733 exemplo
775 2656 823 2713 vel
838 2655 876 2714 ad
890 2655 1017 2716 infimae
1025 2657 1120 2736 plebia
1129 2656 1296 2718 orationem

197 2753 258 2812 Lao
280 2773 341 2812 aeae
362 2753 529 2817 deieciaaet.
571 2756 601 2816 Ia
622 2766 726 2816 contra
746 2757 884 2836 Agatbia,
907 2758 991 2817 cuiue
1003 2759 1295 2838 grandiloquentiam

198 2861 230 2913 et
250 2851 431 2916 cothurnum
450 2856 505 2916 vix
526 2877 608 2918 nunc
631 2859 769 2936 ferimtn,
799 2861 920 2922 videtur
942 2862 1101 2942 praecipue
1121 2863 1294 2925 delectatur.

197 2955 265 3016 Hoc
279 2956 483 3018 demonatravi
496 2960 593 3019 allatio
607 2961 640 3018 in
657 2961 875 3023 Commentario
890 2965 985 3039 (velut
999 2969 1070 3031 206.
1088 2964 1134 3047 e.)
1149 2965 1230 3026 illiue
1243 2967 1294 3027 lo-

70 3089 72 3098 v
199 3057 258 3134 cia,
282 3078 343 3118 non
356 3059 464 3139 ubique
477 3069 596 3142 tamen:
618 3083 688 3123 nam
702 3066 798 3126 cannia
813 3065 935 3125 minima
948 3067 1078 3126 maxima
1092 3067 1214 3147 vestigia
1226 3068 1294 3128 imi.

69 3141 71 3148 ,
197 3161 319 3222 tationie
345 3163 483 3240 colligere
505 3165 645 3244 putidum
660 3175 722 3226 erat
741 3188 797 3227 nec
811 3169 995 3236 conducebat
1009 3169 1169 3250 quicquam
1184 3169 1222 3230 ad
1234 3191 1292 3231 au-

198 3261 291 3322 ctoria
317 3255 386 3322 cum
410 3263 683 3346 interpretationem
709 3279 773 3329 tum
792 3272 1036 3333 emendationem.
1083 3273 1108 3330 E
1134 3271 1298 3354 Procopio,-

196 3363 341 3424 iciuniora
364 3365 444 3445 atylo
467 3387 514 3428 rea
529 3377 692 3447 tractante,
714 3370 792 3430 nihil
804 3370 924 3434 videtur
939 3375 1076 3436 aumaiaae
1088 3384 1208 3454 praeter
1221 3395 1293 3436 aen-

197 3465 339 3524 tantiolaa
362 3469 520 3547 quaedam,
542 3472 666 3532 exordio
683 3482 713 3532 et
729 3475 912 3535 orationibus
926 3478 1034 3556 paaairn
1051 3477 1186 3540 incertae.
1229 3479 1293 3540 Ne-

199 3585 258 3644 que
272 3587 394 3646 unquam
408 3569 471 3630 ullo
492 3574 617 3652 vestigio
631 3575 851 3655 deprehendere
865 3579 947 3658 licet,
961 3579 1117 3659 primariae
1131 3580 1293 3660 acriptorea
1321 3599 1324 3605 ’

66 3703 80 3710 -
197 3666 422 3748 Thucydidem,
448 3673 618 3753 Polybium,
641 3679 852 3756 Plutarchum,
874 3680 910 3739 ab
934 3701 968 3739 eo
989 3701 1052 3740 aeae
1075 3683 1292 3760 pervolutatoa.

198 3769 351 3836 Praeterea
374 3773 501 3854 reperiea
518 3775 551 3834 in
570 3797 604 3836 eo
629 3780 805 3860 plerumque
817 3787 952 3857 τοιοῦτος
966 3784 1111 3862 potitum,
1133 3785 1186 3846 ubi
1199 3787 1294 3848 Attici

135 3891 138 3896 '
198 3864 502 3953 odtoc‘ecripaiaeent.
545 3878 688 3942 Similiter
714 3903 801 3954 upum
823 3885 1035 3946 creberrimum
1062 3889 1315 3970 praeponitiouia·

196 3970 288 4044 nord,
312 3979 367 4054 pro
380 3975 426 4038 iv·
449 3979 550 4056 velut,
572 3989 607 4040 ut
625 3981 684 4042 hoc
704 3994 790 4062 utar,
813 3990 884 4052 108.
906 3988 937 4047 C.
953 3994 1016 4063 τοῖς
1028 3987 1104 4054 nacci
1120 3987 1177 4070 τήν
1188 3984 1292 4056 Ἀσίαν

108 4083 116 4088 “
198 4069 401 4156 στασιάζουσι,
428 4079 643 4143 rebellantidua
664 4089 698 4146 in
717 4089 809 4154 Aria.
853 4087 962 4148 Verum
976 4088 1060 4150 ‘haec
1083 4093 1109 4152 ai
1123 4093 1292 4156 communia

198 4195 267 4238 cum
283 4181 595 4262 caeteriallyzantinia.
615 4188 696 4249 Illud
710 4191 870 4271 peculiare,
885 4213 997 4272 ponere
1010 4193 1193 4254 infinitivum
1211 4197 1292 4256 lutu-

196 4277 234 4356 ri,
255 4278 309 4340 ubi
324 4283 426 4344 aoriati
439 4283 489 4346 vel
498 4292 664 4368 praeacutia
680 4303 848 4376 exapeotea,
868 4274 1031 4378 praecipue
1041 4303 1110 4378 poet
1123 4289 1293 4376 portereau
