2714 5138
172 293 282 346 mltt
610 284 648 354 C,
668 285 704 355 Β,
726 285 841 356 HASIl

174 455 260 508 rests
280 441 413 524 nudique
431 452 652 525 repeterentur,
683 400 793 508 acci&
813 455 850 506 ut
867 445 1086 510 intercodices
1107 447 1141 508 in
1153 445 1269 512 'urbem

173 545 370 630 reportandos
391 555 468 606 esset
483 545 646 608 Vaticanus
662 548 717 608 No.
731 553 801 615 163.
823 547 906 610 iliam
924 551 1020 632 ipsam
1042 551 1112 610 tulii
1136 552 1268 613 Pollucis

172 641 332 712 historiens
344 647 553 728 complectens.
596 649 641 709 Ibi
656 669 724 710 cum
737 650 953 710 intellexissent
963 663 1172 734 procuratores
1185 657 1269 714 Sum.

171 753 216 815 mi
228 750 389 826 Pontifieis,
405 769 452 808 mo
463 749 497 808 in
512 749 707 812 conficiendis
718 753 798 812 notis
808 751 867 813 hoe
875 754 984 816 Codice
994 761 1081 836 ‘aegre
1093 749 1283 834 cariturum,
1301 745 1315 766 ⁸

123 881 124 886 ¹
170 851 394 938 perhumaniter
405 851 590 931 negaverunt
610 873 642 913 se
665 855 892 933 commissuros,
913 866 948 916 ut
966 877 983 916 s
1003 877 1036 918 se
1056 859 1164 920 studiis
1195 860 1268 920 meis

171 959 287 1019 obesset
300 955 471 1036 quiequam,
487 954 755 1036 permiseruntque,
777 965 812 1018 nt
827 975 920 1036 usque
932 957 971 1018 sd
984 959 1144 1028 editionem
1156 945 1230 1024 libri
1241 962 1269 1024 is

171 1059 272 1120 (lodex
287 1056 407 1138 Parisiis
419 1065 594 1140 remsneret.
616 1057 765 1131 Quocirca
778 1058 922 1119 maximas
939 1062 1048 1139 gratias
1061 1073 1090 1123 et
1101 1085 1156 1142 ago
1172 1039 1203 1123 et
1212 1062 1268 1142 ha·

169 1161 225 1222 beo
244 1161 315 1220 viro
329 1159 494 1219 sermondo
508 1168 599 1240 atque
612 1159 656 1218 ill.
673 1159 789 1240 Marino
807 1161 933 1240 Marini,
955 1163 991 1224 ab
1005 1165 1112 1225 intimo
1129 1143 1267 1226 cubicu'fo

170 1261 286 1322 Summi
298 1259 469 1332 Pontificis,
491 1270 521 1320 et
534 1259 827 1341 archivi-Apostolici
841 1261 977 1324 Vaticani
991 1265 1159 1339 Praefecto,
1182 1269 1267 1330 cuius

170 1367 203 1426 in
216 1363 276 1425 hoe
290 1364 409 1442 negotio
426 1361 534 1422 eximis
547 1362 700 1442 studiique
716 1363 805 1444 plena
820 1364 919 1424 officia
934 1387 1000 1446 ergs
1015 1389 1063 1428 me
1075 1370 1267 1432 exstiterunt.

172 1467 264 1544 Quod
285 1475 384 1526 autem
403 1465 549 1526 eiusmodi
570 1465 729 1526 notionum
744 1465 954 1529 historicarum
976 1471 1074 1532 nesio
1095 1472 1217 1552 quidem
1233 1473 1293 1542 im,

170 1569 230 1629 hoc
242 1568 334 1627 Temo
353 1557 511 1648 pernisgns
529 1577 574 1626 est
592 1567 722 1628 accessio
743 1569 840 1648 facts,
862 1589 925 1629 non
939 1569 1041 1632 hercle
1057 1575 1200 1654 penuriae
1214 1573 1268 1634 Bi-

170 1669 338 1731 bliothecae
353 1677 491 1747 nostrae,
513 1668 565 1730 sed
584 1667 731 1750 paucitati
745 1690 909 1746 annorum,
933 1693 1063 1754 quorum
1078 1687 1159 1756 gesta
1173 1653 1268 1738 tradit

169 1775 229 1834 Leo
247 1771 330 1854 (vide
350 1791 441 1852 supra
456 1770 531 1831 vlu.
548 1767 608 1851 Δ.),
632 1771 725 1830 tribui
742 1773 775 1831 id
788 1773 887 1833 velim.
930 1775 1141 1853 tessellum,
1165 1799 1265 1838 anno·
1311 1785 1312 1788 ’

168 1897 236 1938 rum
251 1894 346 1956 prope
359 1883 478 1934 centum
495 1870 698 1954 (975-1060)
720 1875 892 1936 memoriam
906 1887 1113 1958 persecutum,
1135 1879 1267 1960 plurime

168 1975 313 2040 eiusmodi
329 1973 443 2036 inedita
455 1973 640 2062 subiungere
656 1995 704 2056 nse
723 1995 811 2065 posse
826 1997 933 2057 spero,
955 1979 1061 2058 quibua
1078 1981 1129 2040 vel
1152 1981 1266 2041 stabili.

165 2091 228 2158 tur,
250 2081 299 2144 rel
314 2077 503 2156 emendatur,
525 2077 575 2141 rel
593 2075 884 2162 rationemultiplici
899 2063 1100 2162 amplificatur
1114 2083 1176 2143 eius
1190 2103 1266 2143 nar·

166 2183 255 2252 ratio.

235 2353 324 2418 XIV.
346 2341 464 2414 sonim
474 2361 541 2412 'non
559 2371 606 2412 me
619 2353 759 2432 fugiebat,
774 2351 862 2414 etism
874 2363 910 2416 ut
923 2355 1073 2418 cumulate
1084 2355 1184 2418 officio
1197 2378 1264 2420 meo
1344 2363 1346 2370 ’

165 2457 225 2518 hoo
241 2457 353 2540 duplici
369 2453 490 2516 nomine
505 2453 721 2534 satisfacerem,
746 2467 847 2518 tamen
862 2459 926 2518 fore
937 2459 1029 2520 ut'sie
1044 2479 1140 2538 neque
1157 2459 1195 2519 ad
1209 2459 1263 2520 lit·

164 2569 297 2620 terarum
317 2561 498 2622 Graecarum
514 2581 611 2640 neque
626 2559 664 2618 ad
685 2559 827 2621 historiae
848 2561 998 2620 studiosos
1012 2561 1055 2621 its
1079 2563 1190 2621 multos
1205 2563 1265 2622 mei

166 2663 262 2722 officii
281 2663 396 2723 utilitas
412 2663 584 2745 pertineret.
626 2662 717 2739 Nam,
740 2681 808 2721 cuns
831 2663 952 2722 omnino
969 2663 1003 2722 in
1021 2663 1128 2723 studiis
1142 2665 1263 2742 nostris,

165 2765 290 2825 Graecis
308 2763 394 2846 dico,
415 2787 478 2826 non
493 2766 532 2826 sit
544 2765 673 2825 maxima
687 2765 773 2844 copia
789 2784 892 2824 eorum
906 2765 974 2844 qui,
996 2765 1046 2826 via
1059 2767 1129 2828 trita
1146 2767 1262 2843 relicte,

21 2877 53 2930 P.
72 2881 149 2932 XVIII
165 2867 323 2928 interiores
336 2879 508 2930 scrutentur
523 2889 557 2928 sc
572 2867 744 2948 reconditas
758 2865 893 2943 litteras,
914 2877 979 2926 tum
995 2888 1067 2928 vero
1081 2889 1118 2927 ex
1133 2869 1170 2927 iis
1189 2869 1263 2948 ipsis

162 2971 310 3050 exquisite
329 2971 427 3030 doctis
442 2980 549 3051 quotus
571 2971 697 3050 quisque
714 2981 775 3045 est,
798 2968 851 3047 qui
865 2969 1022 3028 lectionem
1036 2971 1190 3050 scriptoris
1202 2972 1263 3051 By.

161 3073 276 3134 turstini
293 3073 331 3132 ad
346 3071 744 3154 subtiliorameognitionern
757 3071 874 3150 linguae
888 3071 1046 3151 quicquam
1057 3075 1192 3131 conferre
1206 3093 1263 3152 pu-

162 3175 230 3235 teet
257 3173 401 3236 Historici
422 3185 522 3235 autem
542 3175 677 3235 homines
691 3194 786 3255 paene
800 3193 900 3233 omnes
917 3173 966 3234 vel
982 3173 1021 3233 ad
1034 3163 1169 3234 aeternus
1189 3175 1261 3233 illo-

160 3297 230 3338 rum
251 3297 374 3356 prorsus
394 3278 586 3358 antiquorum
604 3277 739 3338 diuinam
755 3275 944 3352 memoriam,
971 3276 1021 3336 vel
1041 3278 1141 3336 adres
1156 3286 1262 3338 nostra

160 3387 342 3459 patrumque
365 3380 507 3439 memoria
529 3389 581 3438 aut
595 3380 735 3442 subtilius
755 3389 785 3439 et
801 3378 1015 3458 temperantius
1036 3388 1088 3438 aut
1103 3377 1261 3458 splendide

161 3501 197 3541 ac
212 3481 391 3540 mirabiliter
406 3490 515 3558 gestas,
537 3481 589 3540 rel
605 3489 684 3540 certe
701 3481 740 3540 ad
756 3481 884 3559 origines
900 3483 1082 3562 populorum
1101 3480 1192 3542 hodie
1210 3480 1260 3541 vi-

161 3582 295 3660 gentium
316 3582 526 3658 illustrandas,
560 3603 631 3641 cura
662 3581 744 3640 omni
769 3581 930 3661 ¹studioque
954 3584 1129 3662 rapiuntur:
1159 3586 1260 3664 ponci,

160 3683 244 3763 iique
260 3684 317 3764 ipsi
332 3683 460 3744 invitine
472 3692 523 3742 out
544 3683 747 3760 fastidiosius,
769 3684 889 3744 annales
907 3684 1066 3744 excutiunt
1079 3688 1260 3746 senescentis

82 3823 84 3828 ·
160 3785 281 3866 imperii
310 3804 345 3844 sc
367 3787 488 3848 ruituri.
542 3787 735 3868 Quapropter
757 3805 813 3866 per
830 3795 917 3844 notas
936 3786 1070 3846 obtinere
1092 3789 1177 3847 volui
1184 3831 1193 3864 ,
1225 3799 1260 3848 ut

160 3887 252 3968 paulo
275 3887 365 3948 latius
386 3907 452 3949 mea
472 3910 563 3970 opere
582 3898 713 3968 pateret,
736 3887 773 3946 ad
795 3908 902 3967 eosque
917 3888 989 3946 item
1002 3887 1183 3967 pertineret,
1206 3891 1259 3968 qui

91 4055 93 4061 s
144 3991 317 4051 alieniores
337 3989 398 4052 sint
417 4012 434 4050 s
454 3993 541 4052 rebus
554 3990 744 4070 Byzantinis:
766 3989 891 4068 ideoque
912 3989 949 4048 de
966 3990 1180 4068 significatione
1195 4011 1259 4050 vo-

161 4112 231 4151 cum
246 4092 383 4152 nondum
400 4093 472 4154 satis
486 4093 607 4153 definita
619 4113 764 4174 parumve
773 4093 926 4152 intellecta
939 4091 1059 4152 uberius
1072 4093 1181 4172 passim
1193 4091 1258 4150 dis-

129 4251 134 4264 ,
160 4183 266 4276 putavi
284 4195 318 4255 in
339 4194 421 4266 notis
439 4205 470 4256 et
483 4195 590 4260 fusius.
625 4195 691 4272 Qua
705 4195 785 4256 inre
803 4195 921 4277 saepius
935 4194 1120 4278 ¹scriptorum
1135 4193 1257 4260 Attico-
