2714 5138
166 327 227 378 m
606 319 643 392 c.
662 321 699 390 e.
720 321 837 390 tmen
944 287 950 308 '

75 467 84 478 ’
166 485 228 562 qu'o
246 478 324 542 fletu
342 477 466 560 collegio
483 475 629 540 litteraria
649 485 680 540 et
696 479 834 561 religione
844 479 985 544 unienter
1008 487 1132 566 eemtit,
1155 491 1260 556 eodern

165 591 202 642 nt
216 582 310 644 multe
326 571 507 659 eliairigenii
522 591 716 644 monumenta
733 581 845 646 chertie
857 583 1022 648 reconditi·
1036 590 1175 652 mandate
1183 637 1193 670 ,
1215 595 1259 656 eie

71 687 92 770 ’Ἴ
162 683 236 744 item
256 683 377 746 ultimae
396 683 539 766 reliquine
559 683 733 745 eedulilatie
750 685 981 749 Combefieienee
1004 688 1178 772 discipavit,
1205 705 1260 758 eut

161 786 273 848 obruit.
316 785 404 848 Certe
428 805 528 870 neque
546 795 615 848 tam
634 807 703 848 cum
719 789 925 878 expilerentur
944 790 1067 854 Eburi·
1086 793 1144 856 FF.
1157 796 1260 858 Domi·

160 887 356 966 nicenorum,
379 909 458 970 nequ
476 897 567 950 lcum
586 897 658 970 poet
680 881 884 972 eorreptionee
898 894 997 956 verine
1012 893 1084 956 libri
1097 893 1170 956 inde
1181 898 1259 958 reei-
1286 891 1289 898 ⁴

161 989 215 1052 dui
238 910 502 1072 pertineamede
522 990 654 1054 tivene·
666 991 886 1073 dieiberentue,
907 997 1068 1078 quicquum
1082 995 1259 1080 derepertie

162 1092 330 1155 Combeiieii
352 1091 471 1154 echedie
491 1093 626 1154 euditum
640 1101 701 1171 eet,
720 1095 833 1156 nedum
847 1097 885 1159 de
898 1099 1084 1160 versionibus
1099 1100 1207 1163 teum·
1227 1111 1260 1163 et

159 1195 264 1257 Peelli:
285 1215 361 1276 quae
380 1195 431 1256 vel
446 1195 480 1255 in
490 1195 603 1256 latebre
617 1191 717 1274 alique
729 1193 866 1275 ignor-nte
880 1200 1060 1264 deliteecunt
1072 1203 1190 1284 adhuc,
1206 1205 1259 1268 vel

158 1293 258 1383 (quod
272 1296 364 1377 megin
378 1307 424 1366 eet
436 1296 589 1370 credibile)
602 1295 725 1357 omnino
740 1295 832 1360 hodie
844 1303 1073 1369 interciderunt.

244 1399 298 1464 IV.
319 1399 435 1480 Quare,
456 1400 508 1462 ubi
525 1398 618 1461 eemel
629 1398 663 1458 in
677 1397 810 1462 animum
824 1402 1003 1468 induxeram
1017 1407 1146 1470 Leonem
1158 1409 1193 1468 in
1203 1409 1260 1470 ln-

160 1521 226 1563 oem
247 1504 401 1586 proferre,
420 1502 488 1564 fieri
504 1499 641 1585 oportuit
659 1521 770 1563 novem
790 1503 1067 1588 interpretationem
1086 1509 1150 1570 eine
1169 1511 1261 1570 Leti-

159 1625 246 1668 nem:
267 1615 353 1668 extre
366 1627 463 1690 peuce
477 1625 553 1688 qaee
562 1623 655 1686 enpre
666 1603 750 1683 dixi,
770 1604 805 1666 in
819 1608 937 1670 criticie
950 1609 1084 1690 Peginnie
1095 1631 1258 1674 coneerve-

157 1717 200 1770 te.
241 1709 356 1771 Deinde
379 1706 547 1790 conquisivi
565 1727 644 1787 quae
655 1706 695 1770 ad
715 1707 929 1772 illuetrendum
944 1711 1121 1794 scriptorem
1135 1721 1269 1795 epectem

158 1819 237 1873 rent.
279 1811 347 1890 Sed,
369 1831 458 1894 opere
473 1809 533 1870 iem
544 1810 606 1884 iere
617 1810 702 1893 prelo
714 1821 835 1892 parete,
856 1814 1028 1896 perepioere
1040 1814 1136 1896 coepi,
1157 1835 1259 1896 qaen-

158 1922 206 1974 tee
230 1914 294 1976 eiue
312 1913 404 1976 editio
417 1911 620 1975 'difficultatee
646 1921 722 1972 eeeet
742 1911 900 1992 habitura,
921 1935 992 1976 cum
1004 1915 1093 1994 aliae,
1118 1935 1192 1998 quoe
1206 1916 1258 1978 hio

158 2015 281 2079 definite
310 2016 433 2078 edieeeri
452 2014 527 2096 qaid
544 2013 674 2076 attinet?
700 2023 766 2076 tum
787 2016 1021 2095 magnitudinem
1042 2017 1257 2100 impeneernm,

157 2120 265 2200 qnibue
286 2139 343 2182 neo
361 2118 472 2203 privati
495 2116 627 2178 cuiuevie
641 2115 732 2178 cuiue
743 2127 938 2199 suppeterent
951 2119 1174 2202 fenileoopiee,
1200 2139 1258 2182 neo

56 2223 88 2280 Ρ.
110 2225 144 2281 Vl
160 2232 241 2282 certe
255 2239 347 2283 meae.
387 2219 573 2297 Accedebat,
594 2227 630 2279 nt
640 2219 706 2300 ipee
719 2220 751 2278 in
765 2219 952 2282 Bibliotheca
967 2221 1058 2301 Regin
1068 2223 1124 2284 rub
1135 2222 1169 2283 id
1181 2231 1259 2284 tem·

154 2345 212 2408 pue
226 2343 320 2384 eeeem
338 2322 594 2405 occupetieeimue,
605 2321 744 2384 notitiem
758 2321 851 2382 Codd.
861 2321 984 2385 Graece.
999 2343 1038 2383 ex
1051 2324 1138 2384 ltelie
1152 2343 1258 2386 receue

156 2429 317 2487 allatorum
336 2426 483 2486 conficere
495 2445 625 2500 conane,
646 2424 766 2504 quelem
779 2423 816 2484 de
828 2421 922 2484 Codd.
940 2423 1122 2484 Florentiuie
1137 2425 1258 2486 Bendi-

155 2530 242 2606 niue,
272 2528 310 2588 de
334 2525 616 2589 Vindobonemibue
638 2525 812 2586 Lembeciue
834 2523 1002 2586 ediderunt.
1044 2507 1257 2605 Quemoiirem,

156 2652 217 2712 quo
242 2631 348 2690 eeltem
361 2629 572 2710 intelligerem,
594 2627 682 2708 quale
693 2627 828 2692 viromm
842 2625 1001 2688 doctomm
1014 2625 1161 2690 indiciam
1174 2630 1258 2692 luten·

58 2785 60 2788 .
155 2753 224 2795 ram
244 2732 370 2794 eeeetde
382 2733 496 2809 Leone,
518 2730 590 2790 eetie
609 2739 685 2791 tuno
705 2729 814 2807 habui,
835 2729 948 2790 librum
960 2738 1093 2809 eertum,
1113 2741 1150 2792 ut
1162 2743 1257 2794 erate

154 2855 202 2896 me
226 2855 347 2913 verene,
369 2853 502 2895 eeoretun
522 2832 693 2916 epecimiuie
713 2853 801 2893 cenea
814 2831 848 2893 in
868 2831 968 2892 lucem
982 2834 1118 2913 prolerre
1134 2836 1258 2896 Notieee

155 2950 184 2997 et
194 2939 336 2998 Beiram
350 2935 402 2996 dee
418 2939 493 2998 Men.
507 2934 544 2996 de
559 2937 593 2996 ln
604 2935 820 3017 Bihttotletque
836 2931 879 2994 du
894 2935 958 2994 Rot
969 2944 1027 2999 ete
1041 2935 1122 2998 VIII.
1136 2937 1200 3006 254
1212 2969 1256 2988 -

154 3043 227 3106 296.
268 3037 370 3118 Neque
385 3039 545 3120 quicquum
557 3037 684 3120 poetlrac
699 3038 825 3121 propine
840 3045 885 3097 eet
900 3037 1029 3116 sectam,
1050 3059 1141 3118 quem
1152 3047 1188 3100 nt
1200 3058 1256 3100 oo-

153 3139 328 3220 gitetionem
349 3139 487 3202 editionis
515 3141 647 3221 integere
666 3143 788 3203 omnino
807 3139 999 3201 dimitterem.
1040 3140 1164 3220 Aliquot
1182 3139 1256 3202 enni

89 3239 111 3276 ⁴·
154 3261 225 3302 oum
247 3243 291 3304 eic
312 3242 515 3323 ellluxieeeut,
537 3265 584 3305 me
604 3245 672 3306 aliie
690 3241 945 3306 eollicitndinibue
958 3239 1097 3320 carieque
1112 3242 1255 3320 distento,

154 3363 224 3406 ecce
244 3346 294 3407 vir
313 3345 437 3423 doctae,
460 3366 520 3427 qno
541 3365 628 3408 nemo
644 3346 726 3408 omni
739 3343 926 3424 antiquitatie
939 3343 1177 3424 septentrionalia
1188 3363 1256 3411 mae

152 3447 249 3507 morie
263 3447 478 3526 abundantior,
502 3468 590 3510 nemo
602 3449 634 3510 in
648 3447 850 3512 monumentis
864 3445 1008 3506 hietorine
1024 3443 1166 3506 llueeicee
1182 3463 1256 3506 exe-
1314 3449 1317 3456 “

153 3549 312 3627 minandie,
335 3551 560 3634 comperendie,
583 3551 768 3635 explicandie
782 3547 900 3611 acutior
911 3557 964 3608 eut
977 3546 1110 3624 felicior,
1131 3544 1257 3629 Philip·

132 3671 209 3744 ,pue
223 3653 324 3732 Keuo,
340 3653 516 3716 Academiae
528 3653 694 3736 lmperielie
704 3651 898 3714 scientiarum
909 3649 1150 3733 Petrnpolitenee
1164 3647 1256 3711 decue
1305 3721 1306 3727 ἵ

151 3765 183 3817 et
203 3767 429 3836 ornamentum,
450 3756 535 3818 ultro
558 3778 607 3820 me
626 3756 735 3819 litter-ie
758 3754 838 3838 mire
847 3753 951 3836 pue-ie,
975 3751 1097 3830 emioie,
1119 3737 1257 3813 candidio

152 3857 227 3918 odiit
237 3903 247 3937 ,
265 3857 405 3941 nihilque
426 3857 563 3941 opinanti
586 3858 849 3936 commonemeait,
866 3854 1177 3938 quemadmodumrei
1192 3853 1257 3934 pri-

151 3959 221 4021 dem
240 3960 397 4022 inetitutae
426 3961 563 4043 expediri
590 3964 687 4026 exitus
710 3971 821 4046 poeeet.
862 3962 976 4042 Nempe
997 3957 1118 4040 imperii
1135 3953 1256 4027 Rpeeici

33 4093 44 4108 -
149 4063 387 4142 Genoellnrium,
409 4071 465 4127 eto.
480 4064 527 4127 ill.
554 4064 700 4126 Comitem
710 4065 867 4128 Nicolaum
879 4083 919 4124 ne
933 4065 1133 4136 lloeeeunorr,
1153 4053 1257 4118 virum

31 4201 44 4238 ,³
152 4173 188 4225 ut
212 4165 295 4227 omni
318 4187 491 4246 magnarum
517 4187 618 4230 rerum
633 4168 724 4230 leude
742 4153 948 4247 cumulatum,
969 4163 1013 4227 ite
1026 4173 1130 4226 netum
1141 4171 1258 4240 proee-

151 4262 259 4328 hendie
279 4267 450 4331 liberalibus
469 4269 595 4350 etudiie,
616 4290 687 4332 oum
699 4271 734 4332 in
746 4291 852 4334 menne
863 4269 927 4334 ciue
943 4268 1097 4330 incidieeet
1106 4261 1257 4346 specimen
