<?xml version="1.0" encoding="UTF-8"?>
<!DOCTYPE html PUBLIC "-//W3C//DTD XHTML 1.0 Transitional//EN"
    "http://www.w3.org/TR/xhtml1/DTD/xhtml1-transitional.dtd">
<html xmlns="http://www.w3.org/1999/xhtml" xml:lang="en" lang="en">
 <head>
  <title>
</title>
<meta http-equiv="Content-Type" content="text/html;charset=utf-8" />
  <meta name='ocr-system' content='tesseract 3.04.00' />
  <meta name='ocr-capabilities' content='ocr_page ocr_carea ocr_par ocr_line ocrx_word'/>
</head>
<body>
  <div class='ocr_page' id='page_1' title='image "./leonisdiaconica00liutgoog/leonisdiaconica00liutgoog_0395.png"; bbox 0 0 2722 5272; ppageno 0'>
   <div class='ocr_carea' id='block_1_1' title="bbox 739 0 1350 3">
    <p class='ocr_par' dir='ltr' id='par_1_1' title="bbox 739 0 1350 3">
     <span class='ocr_line' id='line_1_1' title="bbox 739 0 1350 3; baseline 0 0"><span class='ocrx_word' id='word_1_1' title='bbox 739 0 1350 3; x_wconf 95' lang='lat' dir='ltr'><strong> </strong></span> 
     </span>
    </p>
   </div>
   <div class='ocr_carea' id='block_1_2' title="bbox 195 695 986 773">
    <p class='ocr_par' dir='ltr' id='par_1_2' title="bbox 195 695 986 773">
     <span class='ocr_line' id='line_1_2' title="bbox 195 695 986 773; baseline -0.001 -2"><span class='ocrx_word' id='word_1_2' title='bbox 195 695 274 772; x_wconf 80' lang='grc'><strong>846</strong></span> <span class='ocrx_word' id='word_1_3' title='bbox 504 701 769 773; x_wconf 78' lang='lat' dir='ltr'><strong>LUll’PRANDI</strong></span> <span class='ocrx_word' id='word_1_4' title='bbox 788 701 986 773; x_wconf 77' lang='lat' dir='ltr'><strong>LEGATIO</strong></span> 
     </span>
    </p>
   </div>
   <div class='ocr_carea' id='block_1_3' title="bbox 157 860 1310 4336">
    <p class='ocr_par' dir='ltr' id='par_1_3' title="bbox 157 860 1310 4336">
     <span class='ocr_line' id='line_1_3' title="bbox 197 860 1297 944; baseline 0 -18"><span class='ocrx_word' id='word_1_5' title='bbox 197 873 284 926; x_wconf 84' lang='lat' dir='ltr'><strong>esset.</strong></span> <span class='ocrx_word' id='word_1_6' title='bbox 326 861 427 924; x_wconf 85' lang='lat' dir='ltr'><strong>Palam</strong></span> <span class='ocrx_word' id='word_1_7' title='bbox 449 871 511 940; x_wconf 88' lang='lat' dir='ltr'><strong>est,</strong></span> <span class='ocrx_word' id='word_1_8' title='bbox 532 861 617 944; x_wconf 86' lang='lat' dir='ltr'><strong>qnod</strong></span> <span class='ocrx_word' id='word_1_9' title='bbox 635 863 847 942; x_wconf 81' lang='lat' dir='ltr'><strong>Berengarina,</strong></span> <span class='ocrx_word' id='word_1_10' title='bbox 869 871 900 922; x_wconf 86' lang='lat' dir='ltr'><strong>et</strong></span> <span class='ocrx_word' id='word_1_11' title='bbox 918 860 1096 923; x_wconf 76' lang='lat' dir='ltr'><strong>ddelbertus</strong></span> <span class='ocrx_word' id='word_1_12' title='bbox 1115 863 1297 926; x_wconf 87' lang='lat' dir='ltr'><strong>sui·militea</strong></span> 
     </span>
     <span class='ocr_line' id='line_1_4' title="bbox 197 965 1296 1049; baseline 0 -22"><span class='ocrx_word' id='word_1_13' title='bbox 197 965 312 1044; x_wconf 75' lang='lat' dir='ltr'><strong>effecti,</strong></span> <span class='ocrx_word' id='word_1_14' title='bbox 332 967 467 1045; x_wconf 80' lang='lat' dir='ltr'><strong>Regnum</strong></span> <span class='ocrx_word' id='word_1_15' title='bbox 488 965 628 1026; x_wconf 88' lang='lat' dir='ltr'><strong>Italicum</strong></span> <span class='ocrx_word' id='word_1_16' title='bbox 648 975 769 1046; x_wconf 84' lang='lat' dir='ltr'><strong>seeptro</strong></span> <span class='ocrx_word' id='word_1_17' title='bbox 795 985 886 1026; x_wconf 84' lang='lat' dir='ltr'><strong>aureo</strong></span> <span class='ocrx_word' id='word_1_18' title='bbox 906 985 947 1026; x_wconf 85' lang='lat' dir='ltr'><strong>ex</strong></span> <span class='ocrx_word' id='word_1_19' title='bbox 964 965 1027 1026; x_wconf 88' lang='lat' dir='ltr'><strong>eius</strong></span> <span class='ocrx_word' id='word_1_20' title='bbox 1042 985 1136 1025; x_wconf 90' lang='lat' dir='ltr'><strong>mann</strong></span> <span class='ocrx_word' id='word_1_21' title='bbox 1152 985 1296 1049; x_wconf 81' lang='lat' dir='ltr'><strong>auaoops-</strong></span> 
     </span>
     <span class='ocr_line' id='line_1_5' title="bbox 168 1067 1296 1150; baseline -0.002 -19"><span class='ocrx_word' id='word_1_22' title='bbox 168 1073 172 1082; x_wconf 89' lang='grc'><strong>“</strong></span> <span class='ocrx_word' id='word_1_23' title='bbox 197 1077 287 1147; x_wconf 86' lang='lat' dir='ltr'><strong>runt,</strong></span> <span class='ocrx_word' id='word_1_24' title='bbox 309 1078 340 1130; x_wconf 89' lang='lat' dir='ltr'><strong>et</strong></span> <span class='ocrx_word' id='word_1_25' title='bbox 358 1069 566 1150; x_wconf 65' lang='lat' dir='ltr'><strong>praesentalem</strong></span> <span class='ocrx_word' id='word_1_26' title='bbox 582 1067 676 1129; x_wconf 84' lang='lat' dir='ltr'><strong>servia</strong></span> <span class='ocrx_word' id='word_1_27' title='bbox 690 1067 768 1144; x_wconf 86' lang='lat' dir='ltr'><strong>tuis,</strong></span> <span class='ocrx_word' id='word_1_28' title='bbox 789 1067 841 1146; x_wconf 90' lang='lat' dir='ltr'><strong>qui</strong></span> <span class='ocrx_word' id='word_1_29' title='bbox 857 1087 939 1128; x_wconf 87' lang='lat' dir='ltr'><strong>nnnc</strong></span> <span class='ocrx_word' id='word_1_30' title='bbox 953 1089 1048 1148; x_wconf 84' lang='lat' dir='ltr'><strong>nsque</strong></span> <span class='ocrx_word' id='word_1_31' title='bbox 1062 1080 1243 1148; x_wconf 72' lang='lat' dir='ltr'><strong>supersunt,</strong></span> <span class='ocrx_word' id='word_1_32' title='bbox 1267 1081 1296 1129; x_wconf 87' lang='lat' dir='ltr'><strong>et</strong></span> 
     </span>
     <span class='ocr_line' id='line_1_6' title="bbox 195 1167 1294 1252; baseline -0.003 -19"><span class='ocrx_word' id='word_1_33' title='bbox 195 1170 254 1233; x_wconf 89' lang='lat' dir='ltr'><strong>laac</strong></span> <span class='ocrx_word' id='word_1_34' title='bbox 265 1172 298 1232; x_wconf 92' lang='lat' dir='ltr'><strong>in</strong></span> <span class='ocrx_word' id='word_1_35' title='bbox 312 1171 434 1232; x_wconf 80' lang='lat' dir='ltr'><strong>civitate</strong></span> <span class='ocrx_word' id='word_1_36' title='bbox 448 1172 574 1252; x_wconf 86' lang='lat' dir='ltr'><strong>degunt,</strong></span> <span class='ocrx_word' id='word_1_37' title='bbox 595 1167 790 1230; x_wconf 80' lang='lat' dir='ltr'><strong>iureiurando</strong></span> <span class='ocrx_word' id='word_1_38' title='bbox 803 1169 892 1230; x_wconf 83' lang='lat' dir='ltr'><strong>iidem</strong></span> <span class='ocrx_word' id='word_1_39' title='bbox 906 1171 1117 1252; x_wconf 82' lang='lat' dir='ltr'><strong>promiserunt.</strong></span> <span class='ocrx_word' id='word_1_40' title='bbox 1160 1171 1200 1230; x_wconf 82' lang='lat' dir='ltr'><strong>Et</strong></span> <span class='ocrx_word' id='word_1_41' title='bbox 1216 1171 1294 1250; x_wconf 88' lang='lat' dir='ltr'><strong>qnia,</strong></span> 
     </span>
     <span class='ocr_line' id='line_1_7' title="bbox 195 1270 1296 1356; baseline -0.002 -21"><span class='ocrx_word' id='word_1_42' title='bbox 195 1283 369 1356; x_wconf 74' lang='lat' dir='ltr'><strong>suggerente</strong></span> <span class='ocrx_word' id='word_1_43' title='bbox 381 1275 527 1354; x_wconf 88' lang='lat' dir='ltr'><strong>Diabolo,</strong></span> <span class='ocrx_word' id='word_1_44' title='bbox 548 1273 629 1334; x_wconf 87' lang='lat' dir='ltr'><strong>hauc</strong></span> <span class='ocrx_word' id='word_1_45' title='bbox 646 1270 761 1351; x_wconf 86' lang='lat' dir='ltr'><strong>perfide</strong></span> <span class='ocrx_word' id='word_1_46' title='bbox 772 1271 944 1353; x_wconf 78' lang='lat' dir='ltr'><strong>violarunt,</strong></span> <span class='ocrx_word' id='word_1_47' title='bbox 963 1273 1044 1334; x_wconf 89' lang='lat' dir='ltr'><strong>iuste</strong></span> <span class='ocrx_word' id='word_1_48' title='bbox 1057 1273 1126 1334; x_wconf 90' lang='lat' dir='ltr'><strong>illos</strong></span> <span class='ocrx_word' id='word_1_49' title='bbox 1141 1273 1227 1351; x_wconf 80' lang='lat' dir='ltr'><strong>qnasi</strong></span> <span class='ocrx_word' id='word_1_50' title='bbox 1242 1273 1296 1333; x_wconf 88' lang='lat' dir='ltr'><strong>de·</strong></span> 
     </span>
     <span class='ocr_line' id='line_1_8' title="bbox 195 1373 1296 1456; baseline -0.003 -17"><span class='ocrx_word' id='word_1_51' title='bbox 195 1388 322 1439; x_wconf 82' lang='lat' dir='ltr'><strong>sartores</strong></span> <span class='ocrx_word' id='word_1_52' title='bbox 331 1423 340 1456; x_wconf 92' lang='lat'><strong><em>‚</em></strong></span> <span class='ocrx_word' id='word_1_53' title='bbox 363 1377 480 1456; x_wconf 75' lang='lat' dir='ltr'><strong>assrique</strong></span> <span class='ocrx_word' id='word_1_54' title='bbox 496 1375 635 1452; x_wconf 87' lang='lat' dir='ltr'><strong>rebelles,</strong></span> <span class='ocrx_word' id='word_1_55' title='bbox 656 1373 759 1451; x_wconf 80' lang='lat' dir='ltr'><strong>Regno</strong></span> <span class='ocrx_word' id='word_1_56' title='bbox 776 1375 925 1455; x_wconf 75' lang='lat' dir='ltr'><strong>privavit:</strong></span> <span class='ocrx_word' id='word_1_57' title='bbox 946 1375 1029 1456; x_wconf 90' lang='lat' dir='ltr'><strong>quod</strong></span> <span class='ocrx_word' id='word_1_58' title='bbox 1043 1377 1086 1436; x_wconf 89' lang='lat' dir='ltr'><strong>ita</strong></span> <span class='ocrx_word' id='word_1_59' title='bbox 1099 1375 1228 1435; x_wconf 88' lang='lat' dir='ltr'><strong>subditis</strong></span> <span class='ocrx_word' id='word_1_60' title='bbox 1240 1376 1296 1436; x_wconf 81' lang='lat' dir='ltr'><strong>trlri</strong></span> 
     </span>
     <span class='ocr_line' id='line_1_9' title="bbox 195 1475 1295 1560; baseline -0.003 -20"><span class='ocrx_word' id='word_1_61' title='bbox 195 1489 226 1540; x_wconf 88' lang='lat' dir='ltr'><strong>et</strong></span> <span class='ocrx_word' id='word_1_62' title='bbox 248 1477 440 1560; x_wconf 88' lang='lat' dir='ltr'><strong>postmodum</strong></span> <span class='ocrx_word' id='word_1_63' title='bbox 459 1475 622 1536; x_wconf 71' lang='lat' dir='ltr'><strong>rebellrloua</strong></span> <span class='ocrx_word' id='word_1_64' title='bbox 639 1475 760 1536; x_wconf 80' lang='lat' dir='ltr'><strong>iaceres.</strong></span> <span class='ocrx_word' id='word_1_65' title='bbox 802 1477 861 1538; x_wconf 84' lang='lat' dir='ltr'><strong>Sed</strong></span> <span class='ocrx_word' id='word_1_66' title='bbox 884 1497 964 1556; x_wconf 90' lang='lat' dir='ltr'><strong>non,</strong></span> <span class='ocrx_word' id='word_1_67' title='bbox 986 1479 1047 1555; x_wconf 91' lang='lat' dir='ltr'><strong>ait,</strong></span> <span class='ocrx_word' id='word_1_68' title='bbox 1067 1479 1219 1540; x_wconf 77' lang='lat' dir='ltr'><strong>Adelbeati</strong></span> <span class='ocrx_word' id='word_1_69' title='bbox 1234 1479 1295 1538; x_wconf 82' lang='lat' dir='ltr'><strong>hoe</strong></span> 
     </span>
     <span class='ocr_line' id='line_1_10' title="bbox 194 1577 1293 1664; baseline 0.001 -24"><span class='ocrx_word' id='word_1_70' title='bbox 194 1581 360 1664; x_wconf 81' lang='lat' dir='ltr'><strong>profitetur</strong></span> <span class='ocrx_word' id='word_1_71' title='bbox 375 1579 470 1640; x_wconf 88' lang='lat' dir='ltr'><strong>miles.</strong></span> <span class='ocrx_word' id='word_1_72' title='bbox 514 1579 570 1640; x_wconf 83' lang='lat' dir='ltr'><strong>cni</strong></span> <span class='ocrx_word' id='word_1_73' title='bbox 584 1577 725 1660; x_wconf 80' lang='lat' dir='ltr'><strong>inquam:</strong></span> <span class='ocrx_word' id='word_1_74' title='bbox 746 1579 772 1638; x_wconf 89' lang='lat' dir='ltr'><strong>si</strong></span> <span class='ocrx_word' id='word_1_75' title='bbox 786 1599 872 1640; x_wconf 89' lang='lat' dir='ltr'><strong>secus</strong></span> <span class='ocrx_word' id='word_1_76' title='bbox 887 1579 1015 1657; x_wconf 84' lang='lat' dir='ltr'><strong>dixerit,</strong></span> <span class='ocrx_word' id='word_1_77' title='bbox 1035 1601 1172 1641; x_wconf 88' lang='lat' dir='ltr'><strong>meorum</strong></span> <span class='ocrx_word' id='word_1_78' title='bbox 1189 1581 1293 1660; x_wconf 84' lang='lat' dir='ltr'><strong>aliquia</strong></span> 
     </span>
     <span class='ocr_line' id='line_1_11' title="bbox 195 1681 1292 1762; baseline 0 -20"><span class='ocrx_word' id='word_1_79' title='bbox 195 1681 344 1760; x_wconf 86' lang='lat' dir='ltr'><strong>militum,</strong></span> <span class='ocrx_word' id='word_1_80' title='bbox 371 1682 396 1742; x_wconf 90' lang='lat' dir='ltr'><strong>ai</strong></span> <span class='ocrx_word' id='word_1_81' title='bbox 419 1681 521 1759; x_wconf 86' lang='lat' dir='ltr'><strong>iubes,</strong></span> <span class='ocrx_word' id='word_1_82' title='bbox 551 1701 618 1742; x_wconf 85' lang='lat' dir='ltr'><strong>cras</strong></span> <span class='ocrx_word' id='word_1_83' title='bbox 639 1683 683 1740; x_wconf 90' lang='lat' dir='ltr'><strong>ita</strong></span> <span class='ocrx_word' id='word_1_84' title='bbox 704 1701 769 1743; x_wconf 88' lang='lat' dir='ltr'><strong>rem</strong></span> <span class='ocrx_word' id='word_1_85' title='bbox 786 1701 849 1742; x_wconf 88' lang='lat' dir='ltr'><strong>esse</strong></span> <span class='ocrx_word' id='word_1_86' title='bbox 870 1681 971 1743; x_wconf 88' lang='lat' dir='ltr'><strong>duello</strong></span> <span class='ocrx_word' id='word_1_87' title='bbox 991 1683 1164 1743; x_wconf 71' lang='lat' dir='ltr'><strong>declarabit</strong></span> <span class='ocrx_word' id='word_1_88' title='bbox 1212 1683 1292 1762; x_wconf 83' lang='lat' dir='ltr'><strong>Esto,</strong></span> 
     </span>
     <span class='ocr_line' id='line_1_12' title="bbox 167 1782 1292 1866; baseline -0.003 -19"><span class='ocrx_word' id='word_1_89' title='bbox 167 1783 311 1864; x_wconf 85' lang='lat' dir='ltr'><strong>cinquit,</strong></span> <span class='ocrx_word' id='word_1_90' title='bbox 333 1783 436 1844; x_wconf 81' lang='lat' dir='ltr'><strong>lecerit</strong></span> <span class='ocrx_word' id='word_1_91' title='bbox 445 1782 519 1843; x_wconf 88' lang='lat' dir='ltr'><strong>haec</strong></span> <span class='ocrx_word' id='word_1_92' title='bbox 527 1825 537 1859; x_wconf 88' lang='lat'><strong>,</strong></span> <span class='ocrx_word' id='word_1_93' title='bbox 557 1791 595 1842; x_wconf 91' lang='lat' dir='ltr'><strong>ut</strong></span> <span class='ocrx_word' id='word_1_94' title='bbox 609 1784 666 1861; x_wconf 91' lang='lat' dir='ltr'><strong>aia,</strong></span> <span class='ocrx_word' id='word_1_95' title='bbox 687 1783 774 1848; x_wconf 83' lang='lat' dir='ltr'><strong>iuste.</strong></span> <span class='ocrx_word' id='word_1_96' title='bbox 816 1785 905 1845; x_wconf 79' lang='lat' dir='ltr'><strong>Nunc</strong></span> <span class='ocrx_word' id='word_1_97' title='bbox 921 1804 975 1844; x_wconf 89' lang='lat' dir='ltr'><strong>our</strong></span> <span class='ocrx_word' id='word_1_98' title='bbox 986 1785 1108 1866; x_wconf 88' lang='lat' dir='ltr'><strong>lmperii</strong></span> <span class='ocrx_word' id='word_1_99' title='bbox 1121 1785 1218 1845; x_wconf 86' lang='lat' dir='ltr'><strong>nostri</strong></span> <span class='ocrx_word' id='word_1_100' title='bbox 1231 1795 1292 1845; x_wconf 90' lang='lat' dir='ltr'><strong>ter-</strong></span> 
     </span>
     <span class='ocr_line' id='line_1_13' title="bbox 190 1879 1292 1972; baseline -0.001 -25"><span class='ocrx_word' id='word_1_101' title='bbox 190 1887 288 1947; x_wconf 86' lang='lat' dir='ltr'><strong>minos</strong></span> <span class='ocrx_word' id='word_1_102' title='bbox 304 1881 348 1972; x_wconf 86' lang='lat'><strong>¹⁰)</strong></span> <span class='ocrx_word' id='word_1_103' title='bbox 364 1886 445 1948; x_wconf 87' lang='lat' dir='ltr'><strong>bello</strong></span> <span class='ocrx_word' id='word_1_104' title='bbox 459 1885 661 1964; x_wconf 85' lang='lat' dir='ltr'><strong>incendioque</strong></span> <span class='ocrx_word' id='word_1_105' title='bbox 673 1887 825 1966; x_wconf 85' lang='lat' dir='ltr'><strong>aggressus</strong></span> <span class='ocrx_word' id='word_1_106' title='bbox 839 1879 893 1963; x_wconf 86' lang='lat' dir='ltr'><strong>ait,</strong></span> <span class='ocrx_word' id='word_1_107' title='bbox 915 1887 1034 1967; x_wconf 84' lang='lat' dir='ltr'><strong>expedi.</strong></span> <span class='ocrx_word' id='word_1_108' title='bbox 1067 1887 1164 1948; x_wconf 75' lang='lat' dir='ltr'><strong>Amici</strong></span> <span class='ocrx_word' id='word_1_109' title='bbox 1177 1907 1292 1947; x_wconf 88' lang='lat' dir='ltr'><strong>eramus</strong></span> 
     </span>
     <span class='ocr_line' id='line_1_14' title="bbox 192 1986 1292 2070; baseline -0.002 -20"><span class='ocrx_word' id='word_1_110' title='bbox 192 1991 426 2070; x_wconf 86' lang='lat' dir='ltr'><strong>societatemque</strong></span> <span class='ocrx_word' id='word_1_111' title='bbox 447 1986 706 2065; x_wconf 86' lang='lat' dir='ltr'><strong>indissolubilem,</strong></span> <span class='ocrx_word' id='word_1_112' title='bbox 727 1988 842 2068; x_wconf 89' lang='lat' dir='ltr'><strong>nuptiis</strong></span> <span class='ocrx_word' id='word_1_113' title='bbox 864 1988 1065 2069; x_wconf 83' lang='lat' dir='ltr'><strong>interpositis,</strong></span> <span class='ocrx_word' id='word_1_114' title='bbox 1087 1990 1185 2050; x_wconf 81' lang='lat' dir='ltr'><strong>facere</strong></span> <span class='ocrx_word' id='word_1_115' title='bbox 1207 1989 1292 2067; x_wconf 88' lang='lat' dir='ltr'><strong>eogi-</strong></span> 
     </span>
     <span class='ocr_line' id='line_1_15' title="bbox 194 2089 1291 2171; baseline -0.002 -20"><span class='ocrx_word' id='word_1_116' title='bbox 194 2091 343 2153; x_wconf 86' lang='lat' dir='ltr'><strong>tabamua.</strong></span> <span class='ocrx_word' id='word_1_117' title='bbox 386 2091 509 2149; x_wconf 82' lang='lat' dir='ltr'><strong>Terram</strong></span> <span class='ocrx_word' id='word_1_118' title='bbox 527 2089 667 2167; x_wconf 88' lang='lat' dir='ltr'><strong>inquam,</strong></span> <span class='ocrx_word' id='word_1_119' title='bbox 690 2109 780 2169; x_wconf 90' lang='lat' dir='ltr'><strong>quam</strong></span> <span class='ocrx_word' id='word_1_120' title='bbox 796 2089 917 2171; x_wconf 88' lang='lat' dir='ltr'><strong>Imperii</strong></span> <span class='ocrx_word' id='word_1_121' title='bbox 935 2091 983 2150; x_wconf 89' lang='lat' dir='ltr'><strong>tui</strong></span> <span class='ocrx_word' id='word_1_122' title='bbox 997 2109 1061 2151; x_wconf 89' lang='lat' dir='ltr'><strong>esse</strong></span> <span class='ocrx_word' id='word_1_123' title='bbox 1072 2111 1190 2168; x_wconf 90' lang='lat' dir='ltr'><strong>narras,</strong></span> <span class='ocrx_word' id='word_1_124' title='bbox 1211 2109 1291 2170; x_wconf 88' lang='lat' dir='ltr'><strong>gens,</strong></span> 
     </span>
     <span class='ocr_line' id='line_1_16' title="bbox 192 2189 1291 2271; baseline -0.003 -19"><span class='ocrx_word' id='word_1_125' title='bbox 192 2192 308 2266; x_wconf 89' lang='lat' dir='ltr'><strong>incola,</strong></span> <span class='ocrx_word' id='word_1_126' title='bbox 338 2202 369 2252; x_wconf 88' lang='lat' dir='ltr'><strong>et</strong></span> <span class='ocrx_word' id='word_1_127' title='bbox 389 2191 509 2270; x_wconf 85' lang='lat' dir='ltr'><strong>lingua,</strong></span> <span class='ocrx_word' id='word_1_128' title='bbox 536 2191 645 2260; x_wconf 56' lang='lat' dir='ltr'><strong>Italici,</strong></span> <span class='ocrx_word' id='word_1_129' title='bbox 661 2192 756 2271; x_wconf 83' lang='lat' dir='ltr'><strong>Regni</strong></span> <span class='ocrx_word' id='word_1_130' title='bbox 777 2211 839 2252; x_wconf 86' lang='lat' dir='ltr'><strong>ease</strong></span> <span class='ocrx_word' id='word_1_131' title='bbox 861 2191 1002 2252; x_wconf 77' lang='lat' dir='ltr'><strong>declaret.</strong></span> <span class='ocrx_word' id='word_1_132' title='bbox 1053 2189 1291 2270; x_wconf 83' lang='lat' dir='ltr'><strong>Tenuemntqne</strong></span> 
     </span>
     <span class='ocr_line' id='line_1_17' title="bbox 192 2293 1290 2376; baseline -0.002 -22"><span class='ocrx_word' id='word_1_133' title='bbox 192 2293 276 2354; x_wconf 86' lang='lat' dir='ltr'><strong>illam</strong></span> <span class='ocrx_word' id='word_1_134' title='bbox 297 2293 477 2376; x_wconf 84' lang='lat' dir='ltr'><strong>potestative</strong></span> <span class='ocrx_word' id='word_1_135' title='bbox 492 2293 699 2374; x_wconf 79' lang='lat' dir='ltr'><strong>Longobardi5</strong></span> <span class='ocrx_word' id='word_1_136' title='bbox 727 2313 816 2376; x_wconf 90' lang='lat' dir='ltr'><strong>qnam</strong></span> <span class='ocrx_word' id='word_1_137' title='bbox 835 2303 866 2355; x_wconf 91' lang='lat' dir='ltr'><strong>et</strong></span> <span class='ocrx_word' id='word_1_138' title='bbox 886 2294 1059 2355; x_wconf 82' lang='lat' dir='ltr'><strong>Ludovicns</strong></span> <span class='ocrx_word' id='word_1_139' title='bbox 1077 2293 1290 2374; x_wconf 74' lang='lat' dir='ltr'><strong>longobardo-</strong></span> 
     </span>
     <span class='ocr_line' id='line_1_18' title="bbox 192 2395 1291 2476; baseline -0.005 -17"><span class='ocrx_word' id='word_1_140' title='bbox 192 2417 277 2474; x_wconf 74' lang='grc' dir='ltr'>τιιω,</span> <span class='ocrx_word' id='word_1_141' title='bbox 300 2418 353 2458; x_wconf 88' lang='lat' dir='ltr'><strong>eeu</strong></span> <span class='ocrx_word' id='word_1_142' title='bbox 373 2399 558 2458; x_wconf 75' lang='lat' dir='ltr'><strong>Francorum</strong></span> <span class='ocrx_word' id='word_1_143' title='bbox 577 2395 758 2476; x_wconf 81' lang='lat' dir='ltr'><strong>Imperator,</strong></span> <span class='ocrx_word' id='word_1_144' title='bbox 780 2395 818 2456; x_wconf 92' lang='lat' dir='ltr'><strong>de</strong></span> <span class='ocrx_word' id='word_1_145' title='bbox 835 2417 926 2457; x_wconf 88' lang='lat' dir='ltr'><strong>mann</strong></span> <span class='ocrx_word' id='word_1_146' title='bbox 947 2399 1180 2468; x_wconf 85' lang='lat' dir='ltr'><strong>Saracenorum,</strong></span> <span class='ocrx_word' id='word_1_147' title='bbox 1204 2396 1291 2454; x_wconf 88' lang='lat' dir='ltr'><strong>mul-</strong></span> 
     </span>
     <span class='ocr_line' id='line_1_19' title="bbox 191 2497 1289 2581; baseline -0.002 -23"><span class='ocrx_word' id='word_1_148' title='bbox 191 2497 323 2560; x_wconf 86' lang='lat' dir='ltr'><strong>titudine</strong></span> <span class='ocrx_word' id='word_1_149' title='bbox 342 2509 507 2581; x_wconf 88' lang='lat' dir='ltr'><strong>prostrata,</strong></span> <span class='ocrx_word' id='word_1_150' title='bbox 528 2497 677 2560; x_wconf 87' lang='lat' dir='ltr'><strong>liberavit.</strong></span> <span class='ocrx_word' id='word_1_151' title='bbox 720 2497 780 2558; x_wconf 88' lang='lat' dir='ltr'><strong>Sed</strong></span> <span class='ocrx_word' id='word_1_152' title='bbox 797 2507 828 2560; x_wconf 89' lang='lat' dir='ltr'><strong>et</strong></span> <span class='ocrx_word' id='word_1_153' title='bbox 843 2497 1041 2580; x_wconf 87' lang='lat' dir='ltr'><strong>Landnlphua</strong></span> <span class='ocrx_word' id='word_1_154' title='bbox 1061 2499 1289 2559; x_wconf 78' lang='lat' dir='ltr'><strong>Beneventano-</strong></span> 
     </span>
     <span class='ocr_line' id='line_1_20' title="bbox 190 2598 1290 2685; baseline -0.005 -23"><span class='ocrx_word' id='word_1_155' title='bbox 190 2621 276 2679; x_wconf 87' lang='lat' dir='ltr'><strong>rum,</strong></span> <span class='ocrx_word' id='word_1_156' title='bbox 305 2611 336 2663; x_wconf 86' lang='lat' dir='ltr'><strong>et</strong></span> <span class='ocrx_word' id='word_1_157' title='bbox 355 2603 564 2685; x_wconf 74' lang='lat' dir='ltr'><strong>capuanorum</strong></span> <span class='ocrx_word' id='word_1_158' title='bbox 583 2601 727 2683; x_wconf 88' lang='lat' dir='ltr'><strong>Princeps</strong></span> <span class='ocrx_word' id='word_1_159' title='bbox 755 2601 911 2683; x_wconf 87' lang='lat' dir='ltr'><strong>septennio</strong></span> <span class='ocrx_word' id='word_1_160' title='bbox 937 2601 1118 2684; x_wconf 77' lang='lat' dir='ltr'><strong>potestative</strong></span> <span class='ocrx_word' id='word_1_161' title='bbox 1145 2619 1211 2659; x_wconf 91' lang='lat' dir='ltr'><strong>eam</strong></span> <span class='ocrx_word' id='word_1_162' title='bbox 1237 2598 1290 2659; x_wconf 85' lang='lat' dir='ltr'><strong>sihi</strong></span> 
     </span>
     <span class='ocr_line' id='line_1_21' title="bbox 190 2700 1288 2784; baseline -0.004 -20"><span class='ocrx_word' id='word_1_163' title='bbox 190 2703 367 2784; x_wconf 81' lang='lat' dir='ltr'><strong>subiugavit.</strong></span> <span class='ocrx_word' id='word_1_164' title='bbox 408 2707 471 2768; x_wconf 84' lang='lat' dir='ltr'><strong>Neo</strong></span> <span class='ocrx_word' id='word_1_165' title='bbox 484 2728 501 2766; x_wconf 94' lang='lat' dir='ltr'><strong>a</strong></span> <span class='ocrx_word' id='word_1_166' title='bbox 517 2705 670 2766; x_wconf 84' lang='lat' dir='ltr'><strong>servitutis</strong></span> <span class='ocrx_word' id='word_1_167' title='bbox 685 2704 764 2781; x_wconf 85' lang='lat' dir='ltr'><strong>eins,</strong></span> <span class='ocrx_word' id='word_1_168' title='bbox 786 2723 840 2764; x_wconf 89' lang='lat' dir='ltr'><strong>sen</strong></span> <span class='ocrx_word' id='word_1_169' title='bbox 855 2723 1060 2764; x_wconf 84' lang='lat' dir='ltr'><strong>successorum</strong></span> <span class='ocrx_word' id='word_1_170' title='bbox 1074 2721 1198 2762; x_wconf 88' lang='lat' dir='ltr'><strong>suornm</strong></span> <span class='ocrx_word' id='word_1_171' title='bbox 1211 2700 1288 2778; x_wconf 85' lang='lat' dir='ltr'><strong>ingo,</strong></span> 
     </span>
     <span class='ocr_line' id='line_1_22' title="bbox 159 2804 1290 2891; baseline -0.005 -24"><span class='ocrx_word' id='word_1_172' title='bbox 159 2813 287 2887; x_wconf 74' lang='lat' dir='ltr'><strong>itusque</strong></span> <span class='ocrx_word' id='word_1_173' title='bbox 300 2807 490 2891; x_wconf 89' lang='lat' dir='ltr'><strong>adpraesens</strong></span> <span class='ocrx_word' id='word_1_174' title='bbox 502 2809 612 2887; x_wconf 80' lang='lat' dir='ltr'><strong>exiret,</strong></span> <span class='ocrx_word' id='word_1_175' title='bbox 634 2807 732 2867; x_wconf 90' lang='lat' dir='ltr'><strong>sinon</strong></span> <span class='ocrx_word' id='word_1_176' title='bbox 744 2807 886 2867; x_wconf 89' lang='lat' dir='ltr'><strong>immensa</strong></span> <span class='ocrx_word' id='word_1_177' title='bbox 900 2805 968 2866; x_wconf 86' lang='lat' dir='ltr'><strong>data</strong></span> <span class='ocrx_word' id='word_1_178' title='bbox 978 2804 1120 2886; x_wconf 86' lang='lat' dir='ltr'><strong>pecunia,</strong></span> <span class='ocrx_word' id='word_1_179' title='bbox 1139 2805 1290 2863; x_wconf 84' lang='lat' dir='ltr'><strong>Romanae</strong></span> 
     </span>
     <span class='ocr_line' id='line_1_23' title="bbox 189 2903 1290 2991; baseline -0.005 -23"><span class='ocrx_word' id='word_1_180' title='bbox 189 2907 355 2990; x_wconf 87' lang='lat' dir='ltr'><strong>imperator</strong></span> <span class='ocrx_word' id='word_1_181' title='bbox 366 2911 465 2972; x_wconf 87' lang='lat' dir='ltr'><strong>nostri</strong></span> <span class='ocrx_word' id='word_1_182' title='bbox 477 2911 565 2991; x_wconf 78' lang='lat' dir='ltr'><strong>llsgia</strong></span> <span class='ocrx_word' id='word_1_183' title='bbox 577 2909 713 2989; x_wconf 87' lang='lat' dir='ltr'><strong>llngonia</strong></span> <span class='ocrx_word' id='word_1_184' title='bbox 726 2907 885 2968; x_wconf 88' lang='lat' dir='ltr'><strong>amicitiam</strong></span> <span class='ocrx_word' id='word_1_185' title='bbox 897 2917 1019 2970; x_wconf 85' lang='lat' dir='ltr'><strong>emeret.</strong></span> <span class='ocrx_word' id='word_1_186' title='bbox 1059 2907 1099 2968; x_wconf 86' lang='lat' dir='ltr'><strong>Et</strong></span> <span class='ocrx_word' id='word_1_187' title='bbox 1112 2903 1188 2964; x_wconf 86' lang='lat' dir='ltr'><strong>haec</strong></span> <span class='ocrx_word' id='word_1_188' title='bbox 1202 2925 1290 2964; x_wconf 84' lang='lat' dir='ltr'><strong>cansa</strong></span> 
     </span>
     <span class='ocr_line' id='line_1_24' title="bbox 189 3007 1307 3094; baseline -0.002 -26"><span class='ocrx_word' id='word_1_189' title='bbox 189 3009 265 3086; x_wconf 85' lang='lat' dir='ltr'><strong>luit,</strong></span> <span class='ocrx_word' id='word_1_190' title='bbox 287 3011 370 3091; x_wconf 87' lang='lat' dir='ltr'><strong>quod</strong></span> <span class='ocrx_word' id='word_1_191' title='bbox 393 3009 583 3094; x_wconf 84' lang='lat' dir='ltr'><strong>nepotiano,</strong></span> <span class='ocrx_word' id='word_1_192' title='bbox 605 3022 637 3073; x_wconf 87' lang='lat' dir='ltr'><strong>et</strong></span> <span class='ocrx_word' id='word_1_193' title='bbox 651 3011 815 3091; x_wconf 87' lang='lat' dir='ltr'><strong>aequivoco</strong></span> <span class='ocrx_word' id='word_1_194' title='bbox 831 3009 918 3090; x_wconf 77' lang='lat' dir='ltr'><strong>liegis</strong></span> <span class='ocrx_word' id='word_1_195' title='bbox 935 3009 1049 3087; x_wconf 85' lang='lat' dir='ltr'><strong>nostri,</strong></span> <span class='ocrx_word' id='word_1_196' title='bbox 1072 3008 1205 3070; x_wconf 89' lang='lat' dir='ltr'><strong>eiusdem</strong></span> <span class='ocrx_word' id='word_1_197' title='bbox 1221 3007 1307 3067; x_wconf 88' lang='lat' dir='ltr'><strong>Hn-·</strong></span> 
     </span>
     <span class='ocr_line' id='line_1_25' title="bbox 188 3110 1289 3196; baseline 0 -27"><span class='ocrx_word' id='word_1_198' title='bbox 188 3110 274 3190; x_wconf 85' lang='lat' dir='ltr'><strong>genia</strong></span> <span class='ocrx_word' id='word_1_199' title='bbox 300 3112 436 3192; x_wconf 89' lang='lat' dir='ltr'><strong>spuriam</strong></span> <span class='ocrx_word' id='word_1_200' title='bbox 461 3114 601 3194; x_wconf 91' lang='lat' dir='ltr'><strong>coningio</strong></span> <span class='ocrx_word' id='word_1_201' title='bbox 633 3113 795 3196; x_wconf 79' lang='lat' dir='ltr'><strong>copulavit.</strong></span> <span class='ocrx_word' id='word_1_202' title='bbox 836 3113 877 3174; x_wconf 86' lang='lat' dir='ltr'><strong>Et</strong></span> <span class='ocrx_word' id='word_1_203' title='bbox 901 3123 938 3172; x_wconf 88' lang='lat' dir='ltr'><strong>ut</strong></span> <span class='ocrx_word' id='word_1_204' title='bbox 965 3111 1136 3188; x_wconf 85' lang='lat' dir='ltr'><strong>considero,</strong></span> <span class='ocrx_word' id='word_1_205' title='bbox 1163 3111 1289 3169; x_wconf 86' lang='lat' dir='ltr'><strong>Domino</strong></span> 
     </span>
     <span class='ocr_line' id='line_1_26' title="bbox 187 3213 1288 3297; baseline 0 -25"><span class='ocrx_word' id='word_1_206' title='bbox 187 3231 255 3272; x_wconf 90' lang='lat' dir='ltr'><strong>meo</strong></span> <span class='ocrx_word' id='word_1_207' title='bbox 274 3233 337 3274; x_wconf 88' lang='lat' dir='ltr'><strong>non</strong></span> <span class='ocrx_word' id='word_1_208' title='bbox 354 3216 496 3296; x_wconf 83' lang='lat' dir='ltr'><strong>gratiam,</strong></span> <span class='ocrx_word' id='word_1_209' title='bbox 507 3216 572 3276; x_wconf 65' lang='lat' dir='ltr'><strong>sed</strong></span> <span class='ocrx_word' id='word_1_210' title='bbox 585 3215 794 3297; x_wconf 85' lang='lat' dir='ltr'><strong>impotentiam</strong></span> <span class='ocrx_word' id='word_1_211' title='bbox 810 3215 971 3293; x_wconf 89' lang='lat' dir='ltr'><strong>adscribis,</strong></span> <span class='ocrx_word' id='word_1_212' title='bbox 994 3214 1076 3296; x_wconf 90' lang='lat' dir='ltr'><strong>quod</strong></span> <span class='ocrx_word' id='word_1_213' title='bbox 1090 3223 1161 3295; x_wconf 92' lang='lat' dir='ltr'><strong>post</strong></span> <span class='ocrx_word' id='word_1_214' title='bbox 1176 3213 1288 3288; x_wconf 88' lang='lat' dir='ltr'><strong>ltaliae,</strong></span> 
     </span>
     <span class='ocr_line' id='line_1_27' title="bbox 188 3315 1310 3398; baseline 0.002 -24"><span class='ocrx_word' id='word_1_215' title='bbox 188 3333 243 3375; x_wconf 88' lang='lat' dir='ltr'><strong>seu</strong></span> <span class='ocrx_word' id='word_1_216' title='bbox 255 3315 367 3376; x_wconf 85' lang='lat' dir='ltr'><strong>Romae</strong></span> <span class='ocrx_word' id='word_1_217' title='bbox 381 3319 628 3398; x_wconf 68' lang='lat' dir='ltr'><strong>acquisitionem,</strong></span> <span class='ocrx_word' id='word_1_218' title='bbox 648 3329 697 3379; x_wconf 89' lang='lat' dir='ltr'><strong>tot</strong></span> <span class='ocrx_word' id='word_1_219' title='bbox 710 3319 797 3379; x_wconf 86' lang='lat' dir='ltr'><strong>annia</strong></span> <span class='ocrx_word' id='word_1_220' title='bbox 809 3339 873 3379; x_wconf 86' lang='lat' dir='ltr'><strong>eam</strong></span> <span class='ocrx_word' id='word_1_221' title='bbox 888 3319 944 3379; x_wconf 90' lang='lat' dir='ltr'><strong>tibi</strong></span> <span class='ocrx_word' id='word_1_222' title='bbox 956 3319 1112 3379; x_wconf 84' lang='lat' dir='ltr'><strong>dimiserit.</strong></span> <span class='ocrx_word' id='word_1_223' title='bbox 1155 3317 1289 3377; x_wconf 86' lang='lat' dir='ltr'><strong>Societa-</strong></span> <span class='ocrx_word' id='word_1_224' title='bbox 1309 3365 1310 3368; x_wconf 63' lang='lat'><strong>,</strong></span> 
     </span>
     <span class='ocr_line' id='line_1_28' title="bbox 187 3419 1289 3504; baseline 0 -26"><span class='ocrx_word' id='word_1_225' title='bbox 187 3427 332 3480; x_wconf 66' lang='lat' dir='ltr'><strong>tem&#39;vero</strong></span> <span class='ocrx_word' id='word_1_226' title='bbox 348 3421 506 3498; x_wconf 85' lang='lat' dir='ltr'><strong>amicitiae,</strong></span> <span class='ocrx_word' id='word_1_227' title='bbox 529 3439 618 3500; x_wconf 89' lang='lat' dir='ltr'><strong>quam</strong></span> <span class='ocrx_word' id='word_1_228' title='bbox 632 3431 663 3482; x_wconf 87' lang='lat' dir='ltr'><strong>te</strong></span> <span class='ocrx_word' id='word_1_229' title='bbox 677 3421 829 3504; x_wconf 85' lang='lat' dir='ltr'><strong>parentela</strong></span> <span class='ocrx_word' id='word_1_230' title='bbox 842 3421 1084 3482; x_wconf 80' lang='lat' dir='ltr'><strong>volnisse·lacere</strong></span> <span class='ocrx_word' id='word_1_231' title='bbox 1096 3419 1182 3497; x_wconf 87' lang='lat' dir='ltr'><strong>dicis,</strong></span> <span class='ocrx_word' id='word_1_232' title='bbox 1204 3421 1289 3479; x_wconf 87' lang='lat' dir='ltr'><strong>frau-</strong></span> 
     </span>
     <span class='ocr_line' id='line_1_29' title="bbox 187 3520 1288 3606; baseline -0.004 -22"><span class='ocrx_word' id='word_1_233' title='bbox 187 3520 257 3584; x_wconf 88' lang='lat' dir='ltr'><strong>dem</strong></span> <span class='ocrx_word' id='word_1_234' title='bbox 267 3543 323 3584; x_wconf 90' lang='lat' dir='ltr'><strong>nos</strong></span> <span class='ocrx_word' id='word_1_235' title='bbox 340 3521 502 3604; x_wconf 85' lang='lat' dir='ltr'><strong>dolumque</strong></span> <span class='ocrx_word' id='word_1_236' title='bbox 516 3531 667 3584; x_wconf 73' lang='lat' dir='ltr'><strong>tenemuss</strong></span> <span class='ocrx_word' id='word_1_237' title='bbox 682 3545 826 3606; x_wconf 87' lang='lat' dir='ltr'><strong>pausanas</strong></span> <span class='ocrx_word' id='word_1_238' title='bbox 841 3521 882 3606; x_wconf 88' lang='lat'><strong>¹¹)</strong></span> <span class='ocrx_word' id='word_1_239' title='bbox 896 3525 997 3603; x_wconf 79' lang='lat' dir='ltr'><strong>exigis,</strong></span> <span class='ocrx_word' id='word_1_240' title='bbox 1019 3545 1092 3604; x_wconf 86' lang='lat' dir='ltr'><strong>quaa</strong></span> <span class='ocrx_word' id='word_1_241' title='bbox 1105 3543 1162 3584; x_wconf 90' lang='lat' dir='ltr'><strong>neo</strong></span> <span class='ocrx_word' id='word_1_242' title='bbox 1177 3531 1207 3581; x_wconf 87' lang='lat' dir='ltr'><strong>te</strong></span> <span class='ocrx_word' id='word_1_243' title='bbox 1221 3521 1288 3580; x_wconf 87' lang='lat' dir='ltr'><strong>exi-</strong></span> 
     </span>
     <span class='ocr_line' id='line_1_30' title="bbox 187 3623 1290 3709; baseline -0.004 -22"><span class='ocrx_word' id='word_1_244' title='bbox 187 3645 256 3704; x_wconf 88' lang='lat' dir='ltr'><strong>gere</strong></span> <span class='ocrx_word' id='word_1_245' title='bbox 269 3645 366 3708; x_wconf 88' lang='lat' dir='ltr'><strong>nequo</strong></span> <span class='ocrx_word' id='word_1_246' title='bbox 380 3649 435 3688; x_wconf 89' lang='lat' dir='ltr'><strong>noa</strong></span> <span class='ocrx_word' id='word_1_247' title='bbox 452 3627 615 3708; x_wconf 71' lang='lat' dir='ltr'><strong>ooncpdere</strong></span> <span class='ocrx_word' id='word_1_248' title='bbox 630 3628 708 3688; x_wconf 90' lang='lat' dir='ltr'><strong>ratio</strong></span> <span class='ocrx_word' id='word_1_249' title='bbox 721 3627 787 3709; x_wconf 87' lang='lat' dir='ltr'><strong>ipsa</strong></span> <span class='ocrx_word' id='word_1_250' title='bbox 801 3625 962 3708; x_wconf 84' lang='lat' dir='ltr'><strong>compellit</strong></span> <span class='ocrx_word' id='word_1_251' title='bbox 992 3627 1104 3688; x_wconf 84' lang='lat' dir='ltr'><strong>Verum</strong></span> <span class='ocrx_word' id='word_1_252' title='bbox 1118 3635 1155 3686; x_wconf 90' lang='lat' dir='ltr'><strong>ut</strong></span> <span class='ocrx_word' id='word_1_253' title='bbox 1170 3623 1290 3685; x_wconf 81' lang='lat' dir='ltr'><strong>fallacia</strong></span> 
     </span>
     <span class='ocr_line' id='line_1_31' title="bbox 187 3727 1289 3812; baseline -0.003 -23"><span class='ocrx_word' id='word_1_254' title='bbox 187 3729 384 3812; x_wconf 81' lang='lat' dir='ltr'><strong>exculpatur,</strong></span> <span class='ocrx_word' id='word_1_255' title='bbox 405 3729 515 3792; x_wconf 83' lang='lat' dir='ltr'><strong>veritas</strong></span> <span class='ocrx_word' id='word_1_256' title='bbox 537 3751 600 3791; x_wconf 90' lang='lat' dir='ltr'><strong>non</strong></span> <span class='ocrx_word' id='word_1_257' title='bbox 616 3730 790 3806; x_wconf 86' lang='lat' dir='ltr'><strong>reticeatur,</strong></span> <span class='ocrx_word' id='word_1_258' title='bbox 812 3729 894 3790; x_wconf 87' lang='lat' dir='ltr'><strong>misit</strong></span> <span class='ocrx_word' id='word_1_259' title='bbox 915 3750 961 3790; x_wconf 85' lang='lat' dir='ltr'><strong>me</strong></span> <span class='ocrx_word' id='word_1_260' title='bbox 980 3729 1125 3790; x_wconf 88' lang='lat' dir='ltr'><strong>Dominus</strong></span> <span class='ocrx_word' id='word_1_261' title='bbox 1142 3747 1226 3788; x_wconf 86' lang='lat' dir='ltr'><strong>meus</strong></span> <span class='ocrx_word' id='word_1_262' title='bbox 1251 3727 1289 3786; x_wconf 88' lang='lat' dir='ltr'><strong>ad</strong></span> 
     </span>
     <span class='ocr_line' id='line_1_32' title="bbox 186 3827 1289 3914; baseline -0.002 -24"><span class='ocrx_word' id='word_1_263' title='bbox 186 3838 235 3908; x_wconf 87' lang='lat' dir='ltr'><strong>te,</strong></span> <span class='ocrx_word' id='word_1_264' title='bbox 256 3842 304 3910; x_wconf 90' lang='lat' dir='ltr'><strong>ut,</strong></span> <span class='ocrx_word' id='word_1_265' title='bbox 327 3831 459 3894; x_wconf 78' lang='lat' dir='ltr'><strong>sitiliam</strong></span> <span class='ocrx_word' id='word_1_266' title='bbox 474 3832 600 3893; x_wconf 81' lang='lat' dir='ltr'><strong>Romani</strong></span> <span class='ocrx_word' id='word_1_267' title='bbox 622 3831 830 3912; x_wconf 86' lang='lat' dir='ltr'><strong>imperatoris,</strong></span> <span class='ocrx_word' id='word_1_268' title='bbox 852 3842 883 3892; x_wconf 90' lang='lat' dir='ltr'><strong>et</strong></span> <span class='ocrx_word' id='word_1_269' title='bbox 906 3831 1110 3913; x_wconf 81' lang='lat' dir='ltr'><strong>Theophanes</strong></span> <span class='ocrx_word' id='word_1_270' title='bbox 1122 3827 1167 3914; x_wconf 83' lang='lat'><strong>¹¹)</strong></span> <span class='ocrx_word' id='word_1_271' title='bbox 1186 3831 1289 3911; x_wconf 91' lang='lat' dir='ltr'><strong>lmpe-</strong></span> 
     </span>
     <span class='ocr_line' id='line_1_33' title="bbox 188 3931 1289 4014; baseline -0.005 -20"><span class='ocrx_word' id='word_1_272' title='bbox 188 3933 326 4013; x_wconf 88' lang='lat' dir='ltr'><strong>ratricis,</strong></span> <span class='ocrx_word' id='word_1_273' title='bbox 355 3933 482 3995; x_wconf 86' lang='lat' dir='ltr'><strong>Domino</strong></span> <span class='ocrx_word' id='word_1_274' title='bbox 504 3955 586 4012; x_wconf 90' lang='lat' dir='ltr'><strong>meo,</strong></span> <span class='ocrx_word' id='word_1_275' title='bbox 615 3935 679 3995; x_wconf 89' lang='lat' dir='ltr'><strong>filio</strong></span> <span class='ocrx_word' id='word_1_276' title='bbox 700 3955 753 3994; x_wconf 89' lang='lat' dir='ltr'><strong>suo</strong></span> <span class='ocrx_word' id='word_1_277' title='bbox 775 3933 880 3993; x_wconf 88' lang='lat' dir='ltr'><strong>Ottoni</strong></span> <span class='ocrx_word' id='word_1_278' title='bbox 903 3934 1080 4014; x_wconf 86' lang='lat' dir='ltr'><strong>imperatori</strong></span> <span class='ocrx_word' id='word_1_279' title='bbox 1099 3933 1232 4012; x_wconf 79' lang='lat' dir='ltr'><strong>Augusto</strong></span> <span class='ocrx_word' id='word_1_280' title='bbox 1255 3931 1289 3989; x_wconf 89' lang='lat' dir='ltr'><strong>in</strong></span> 
     </span>
     <span class='ocr_line' id='line_1_34' title="bbox 157 4035 1288 4116; baseline -0.004 -20"><span class='ocrx_word' id='word_1_281' title='bbox 157 4035 361 4116; x_wconf 80' lang='lat' dir='ltr'><strong>llooniu&#39;gium</strong></span> <span class='ocrx_word' id='word_1_282' title='bbox 385 4037 504 4099; x_wconf 87' lang='lat' dir='ltr'><strong>tradere</strong></span> <span class='ocrx_word' id='word_1_283' title='bbox 525 4039 675 4110; x_wconf 83' lang='lat' dir='ltr'><strong>volueris,</strong></span> <span class='ocrx_word' id='word_1_284' title='bbox 704 4037 872 4098; x_wconf 84' lang='lat' dir='ltr'><strong>iuramento</strong></span> <span class='ocrx_word' id='word_1_285' title='bbox 897 4035 972 4096; x_wconf 90' lang='lat' dir='ltr'><strong>mihi</strong></span> <span class='ocrx_word' id='word_1_286' title='bbox 997 4037 1146 4113; x_wconf 81' lang='lat' dir='ltr'><strong>affirmes,</strong></span> <span class='ocrx_word' id='word_1_287' title='bbox 1175 4043 1206 4094; x_wconf 89' lang='lat' dir='ltr'><strong>et</strong></span> <span class='ocrx_word' id='word_1_288' title='bbox 1234 4053 1288 4112; x_wconf 89' lang='lat' dir='ltr'><strong>ego</strong></span> 
     </span>
     <span class='ocr_line' id='line_1_35' title="bbox 186 4137 1287 4222; baseline -0.005 -22"><span class='ocrx_word' id='word_1_289' title='bbox 186 4161 243 4222; x_wconf 93' lang='lat' dir='ltr'><strong>pro</strong></span> <span class='ocrx_word' id='word_1_290' title='bbox 263 4139 426 4219; x_wconf 86' lang='lat' dir='ltr'><strong>gratiarum</strong></span> <span class='ocrx_word' id='word_1_291' title='bbox 448 4142 726 4222; x_wconf 82' lang='lat' dir='ltr'><strong>recompensatione</strong></span> <span class='ocrx_word' id='word_1_292' title='bbox 745 4140 838 4216; x_wconf 87' lang='lat' dir='ltr'><strong>haec,</strong></span> <span class='ocrx_word' id='word_1_293' title='bbox 861 4147 892 4199; x_wconf 88' lang='lat' dir='ltr'><strong>et</strong></span> <span class='ocrx_word' id='word_1_294' title='bbox 915 4137 990 4198; x_wconf 88' lang='lat' dir='ltr'><strong>haec</strong></span> <span class='ocrx_word' id='word_1_295' title='bbox 1007 4140 1168 4199; x_wconf 88' lang='lat' dir='ltr'><strong>Dominum</strong></span> <span class='ocrx_word' id='word_1_296' title='bbox 1186 4155 1287 4195; x_wconf 87' lang='lat' dir='ltr'><strong>meum</strong></span> 
     </span>
     <span class='ocr_line' id='line_1_36' title="bbox 186 4235 1288 4336; baseline -0.005 -36"><span class='ocrx_word' id='word_1_297' title='bbox 186 4241 244 4334; x_wconf 79' lang='lat' dir='ltr'><strong>tibi</strong></span> <span class='ocrx_word' id='word_1_298' title='bbox 264 4243 414 4304; x_wconf 85' lang='lat' dir='ltr'><strong>iacturum</strong></span> <span class='ocrx_word' id='word_1_299' title='bbox 434 4250 465 4302; x_wconf 90' lang='lat' dir='ltr'><strong>et</strong></span> <span class='ocrx_word' id='word_1_300' title='bbox 487 4243 732 4321; x_wconf 82' lang='lat' dir='ltr'><strong>observaturum,</strong></span> <span class='ocrx_word' id='word_1_301' title='bbox 754 4242 946 4303; x_wconf 87' lang='lat' dir='ltr'><strong>iureiurando</strong></span> <span class='ocrx_word' id='word_1_302' title='bbox 961 4241 1124 4336; x_wconf 79' lang='lat' dir='ltr'><strong>affirmabo.</strong></span> <span class='ocrx_word' id='word_1_303' title='bbox 1141 4235 1182 4320; x_wconf 79' lang='lat'><strong>¹³)</strong></span> <span class='ocrx_word' id='word_1_304' title='bbox 1227 4236 1288 4296; x_wconf 88' lang='lat' dir='ltr'><strong>Sed</strong></span> 
     </span>
    </p>
   </div>
   <div class='ocr_carea' id='block_1_4' title="bbox 187 4339 1288 4428">
    <p class='ocr_par' dir='ltr' id='par_1_4' title="bbox 187 4339 1288 4428">
     <span class='ocr_line' id='line_1_37' title="bbox 187 4339 1288 4428; baseline -0.005 -24"><span class='ocrx_word' id='word_1_305' title='bbox 187 4352 217 4404; x_wconf 86' lang='lat' dir='ltr'><strong>et</strong></span> <span class='ocrx_word' id='word_1_306' title='bbox 229 4343 372 4426; x_wconf 85' lang='lat' dir='ltr'><strong>optimam</strong></span> <span class='ocrx_word' id='word_1_307' title='bbox 386 4343 429 4428; x_wconf 86' lang='lat'><strong>¹⁴)</strong></span> <span class='ocrx_word' id='word_1_308' title='bbox 451 4345 598 4409; x_wconf 87' lang='lat' dir='ltr'><strong>amicitiae</strong></span> <span class='ocrx_word' id='word_1_309' title='bbox 621 4347 783 4408; x_wconf 84' lang='lat' dir='ltr'><strong>arabonam</strong></span> <span class='ocrx_word' id='word_1_310' title='bbox 800 4343 982 4406; x_wconf 81' lang='lat' dir='ltr'><strong>fraternitati</strong></span> <span class='ocrx_word' id='word_1_311' title='bbox 999 4353 1069 4405; x_wconf 86' lang='lat' dir='ltr'><strong>tuae</strong></span> <span class='ocrx_word' id='word_1_312' title='bbox 1083 4363 1165 4406; x_wconf 86' lang='lat' dir='ltr'><strong>nuno</strong></span> <span class='ocrx_word' id='word_1_313' title='bbox 1178 4339 1288 4401; x_wconf 91' lang='lat' dir='ltr'><strong>Domi-</strong></span> 
     </span>
    </p>
   </div>
   <div class='ocr_carea' id='block_1_5' title="bbox 220 4561 1287 4772">
    <p class='ocr_par' dir='ltr' id='par_1_5' title="bbox 220 4561 1287 4772">
     <span class='ocr_line' id='line_1_38' title="bbox 220 4561 1287 4635; baseline -0.006 -17"><span class='ocrx_word' id='word_1_314' title='bbox 220 4561 268 4631; x_wconf 83' lang='lat'><strong>10)</strong></span> <span class='ocrx_word' id='word_1_315' title='bbox 291 4563 362 4618; x_wconf 80' lang='lat' dir='ltr'><strong>Alias</strong></span> <span class='ocrx_word' id='word_1_316' title='bbox 382 4573 488 4621; x_wconf 82' lang='lat' dir='ltr'><strong>terram.</strong></span> <span class='ocrx_word' id='word_1_317' title='bbox 515 4569 591 4622; x_wconf 80' lang='lat' dir='ltr'><strong>Gon.</strong></span> <span class='ocrx_word' id='word_1_318' title='bbox 671 4569 725 4634; x_wconf 87' lang='grc'>11)·</span> <span class='ocrx_word' id='word_1_319' title='bbox 736 4567 776 4620; x_wconf 85' lang='grc' dir='ltr'><strong>ΑΙ.</strong></span> <span class='ocrx_word' id='word_1_320' title='bbox 794 4566 921 4620; x_wconf 78' lang='lat' dir='ltr'><strong>indoctae.</strong></span> <span class='ocrx_word' id='word_1_321' title='bbox 948 4563 1025 4618; x_wconf 81' lang='lat' dir='ltr'><strong>Con.</strong></span> <span class='ocrx_word' id='word_1_322' title='bbox 1102 4565 1149 4635; x_wconf 83' lang='lat'><strong>12)</strong></span> <span class='ocrx_word' id='word_1_323' title='bbox 1173 4561 1223 4617; x_wconf 78' lang='lat' dir='ltr'><strong>Alii</strong></span> <span class='ocrx_word' id='word_1_324' title='bbox 1241 4577 1287 4613; x_wconf 86' lang='lat' dir='ltr'><strong>vo-</strong></span> 
     </span>
     <span class='ocr_line' id='line_1_39' title="bbox 254 4629 1286 4706; baseline 0.005 -22"><span class='ocrx_word' id='word_1_325' title='bbox 254 4638 315 4685; x_wconf 87' lang='lat' dir='ltr'><strong>cant</strong></span> <span class='ocrx_word' id='word_1_326' title='bbox 332 4636 537 4706; x_wconf 74' lang='lat' dir='ltr'><strong>l&#39;lseopleauriam.</strong></span> <span class='ocrx_word' id='word_1_327' title='bbox 563 4637 640 4690; x_wconf 83' lang='lat' dir='ltr'><strong>Can.</strong></span> <span class='ocrx_word' id='word_1_328' title='bbox 694 4638 741 4705; x_wconf 81' lang='lat'><strong>13)</strong></span> <span class='ocrx_word' id='word_1_329' title='bbox 760 4635 811 4690; x_wconf 87' lang='lat' dir='ltr'><strong>llio</strong></span> <span class='ocrx_word' id='word_1_330' title='bbox 827 4635 903 4690; x_wconf 86' lang='lat' dir='ltr'><strong>deest</strong></span> <span class='ocrx_word' id='word_1_331' title='bbox 919 4633 1025 4704; x_wconf 81' lang='lat' dir='ltr'><strong>aliquid.</strong></span> <span class='ocrx_word' id='word_1_332' title='bbox 1051 4633 1127 4688; x_wconf 81' lang='lat' dir='ltr'><strong>Gon.</strong></span> <span class='ocrx_word' id='word_1_333' title='bbox 1183 4631 1229 4700; x_wconf 83' lang='lat' dir='ltr'><strong>tt)</strong></span> <span class='ocrx_word' id='word_1_334' title='bbox 1246 4629 1286 4684; x_wconf 79' lang='grc' dir='ltr'><strong>ΔΙ·</strong></span> 
     </span>
     <span class='ocr_line' id='line_1_40' title="bbox 254 4705 807 4772; baseline 0.013 -17"><span class='ocrx_word' id='word_1_335' title='bbox 254 4705 378 4772; x_wconf 80' lang='lat' dir='ltr'><strong>optimum</strong></span> <span class='ocrx_word' id='word_1_336' title='bbox 395 4707 575 4762; x_wconf 71' lang='lat' dir='ltr'><strong>ontotoaen.</strong></span> <span class='ocrx_word' id='word_1_337' title='bbox 598 4707 682 4761; x_wconf 77' lang='lat' dir='ltr'><strong>dtur.</strong></span> <span class='ocrx_word' id='word_1_338' title='bbox 805 4743 807 4748; x_wconf 91' lang='lat'>·</span> 
     </span>
    </p>
   </div>
   <div class='ocr_carea' id='block_1_6' title="bbox 0 0 1366 5272">
    <p class='ocr_par' dir='ltr' id='par_1_6' title="bbox 0 0 1366 5272">
     <span class='ocr_line' id='line_1_41' title="bbox 0 0 1366 5272; baseline 0 3"><span class='ocrx_word' id='word_1_339' title='bbox 0 0 1366 5272; x_wconf 95' lang='lat' dir='ltr'><strong> </strong></span> 
     </span>
    </p>
   </div>
  </div>
 </body>
</html>
