2746 5242
200 399 276 476 630
405 409 450 484 N.
466 409 513 475 Μ.
539 405 740 474 FOGGlNll
763 403 1108 480 ADNOTATIONFS

199 571 260 650 git.
309 567 377 628 Non
403 564 455 626 dia
477 573 576 628 tamen
596 561 752 644 Pompeius
776 561 906 624 victoria
926 561 1042 642 gavisus
1062 573 1123 640 est,
1153 583 1211 626 nee
1235 564 1304 625 lur-

203 667 307 714 tunam
338 661 476 732 expertus
504 660 548 710 est
576 657 811 729 permanentem,
842 648 1008 707 instaurato
1034 649 1173 708 animab
1197 648 1305 728 Augu-

203 747 248 804 sto
266 745 370 797 contra
387 737 486 815 ipsum
506 735 633 814 praelio,
656 752 749 812 ecque
770 743 891 792 strenus
911 731 1173 814 admodum'terra
1202 735 1305 794 mari·-

204 842 263 903 que
275 830 464 902 oppugnato,
486 821 606 878 tundsrn
619 820 768 894 Augustus
779 817 817 878 M.
833 817 981 898 Agrippae
995 837 1085 897 opera
1097 818 1234 894 adiutus,
1254 819 1307 882 ira-2

207 908 319 984 signem
338 906 441 966 retulit
456 904 634 978 victoriam,
656 905 729 961 adeo
745 912 780 961 ut
793 903 900 962 merito
920 904 958 962 de
976 903 1111 980 Augusto
1123 904 1184 963 dici
1198 903 1303 984 possit,

206 1011 274 1052 sum
288 990 372 1072 prius
384 991 498 1048 victum
513 988 612 1050 navali
627 987 755 1066 praelio,
777 1007 850 1046 mox
861 1007 931 1046 suos
946 987 1076 1047 victores
1089 1007 1257 1068 superasse.

291 1075 340 1142 14.
364 1069 462 1158 Ξύλῳ]
484 1074 549 1132 Hoc
571 1072 696 1132 verbum
722 1073 849 1130 classem
872 1072 1061 1152 interpretati
1083 1093 1208 1151 sumus,
1238 1075 1303 1136 fre-

207 1169 331 1240 quenter
349 1159 428 1217 enim
447 1159 522 1216 illud
540 1179 557 1215 a
577 1158 698 1216 Graecis
719 1155 869 1218 inseriosss
888 1157 953 1216 aevi
971 1157 1170 1237 scriptoribus
1188 1158 1229 1218 ad
1244 1179 1327 1218 ns···

206 1265 259 1304 ves
281 1242 473 1320 designandas
490 1251 662 1320 usurpatur.
706 1242 825 1300 Praesto
849 1242 957 1320 cuique
976 1261 1038 1301 esse
1054 1252 1184 1321 possunt
1200 1262 1303 1302 uem-

207 1330 276 1410 plu,
298 1347 373 1406 quae
391 1327 608 1386 ltu-Fresnius
621 1327 654 1384 in
676 1327 828 1386 Glossariu
849 1327 1014 1390 mediaest
1035 1325 1154 1386 infimae
1176 1328 1304 1388 Gracci-

206 1414 276 1474 tstis
299 1413 431 1471 adducit.
475 1412 622 1492 [Fortasse
642 1409 675 1469 lsi
699 1409 938 1490 quoqueversus
958 1412 1107 1470 referendi
1128 1413 1167 1471 ad
1190 1413 1304 1474 luliusn

206 1499 376 1572 Caesarem,
399 1495 502 1574 quiin
521 1495 627 1556 itinere
649 1495 695 1577 (lc
714 1490 827 1582 στόλῳ,
850 1497 931 1575 quod
949 1497 1131 1556 vccabulum
1155 1497 1245 1558 etiem
1266 1499 1304 1558 de

205 1583 294 1642 unius
315 1582 421 1640 itinero
440 1581 583 1662 usurpari
603 1583 730 1658 constat)
758 1602 775 1638 e
802 1581 1004 1660 praedonibus
1033 1591 1154 1662 captur,
1183 1584 1304 1642 eosdem

205 1667 385 1746 paulopost
408 1665 675 1724 classecontracta
701 1667 867 1744 superavit,
899 1675 1062 1745 captosque
1089 1668 1175 1726 cruci
1194 1669 1302 1727 affixit.
1367 1731 1372 1756 η

209 1749 360 1810 Plutarch.
376 1748 433 1808 Vit.
447 1751 527 1809 Caes.
542 1771 567 1809 c.
576 1757 604 1824 2.
621 1749 723 1829 Vellej.
737 1751 799 1807 Pet.
808 1749 847 1808 ll.
860 1751 911 1816 42.
926 1747 1027 1826 ξύλον,
1041 1751 1222 1828 eruerunt
1235 1754 1304 1813 Ex·

206 1835 274 1916 ped·
291 1833 406 1893 Heracl·
423 1833 461 1894 Π.
476 1836 545 1900 253.
559 1828 740 1912 ὖψούμενον
754 1829 787 1896 τὸ
798 1829 896 1908 ξύλον.
915 1843 945 1893 et
958 1835 1038 1896 alibi.
1057 1837 1089 1895 F.
1100 1837 1135 1917 t]

293 1919 342 1984 15.
365 1911 429 1979 otu
442 1911 482 1998 ἦν
497 1912 671 2000 στρατηγός]
692 1917 830 1977 dieucum
843 1917 924 1977 hunc
939 1939 1058 1979 versum
1073 1922 1168 1981 edidit
1182 1922 1301 1983 Gorne-

206 2002 266 2060 lius
284 2012 387 2060 contra
405 2001 492 2061 fidem
507 2003 641 2080 Codicis,
664 2022 701 2061 ex
720 2023 778 2083 quo
792 2024 846 2062 uos
859 2004 1041 2063 restituimus
1056 2015 1125 2066 ante
1139 2008 1300 2066 articulum

206 2085 227 2150 ἆ
245 2087 421 2166 particulam
444 2087 502 2163 sig,
526 2107 615 2167 quum
633 2097 734 2146 tamen
754 2089 916 2147 necessario
938 2089 1120 2164 sddendam,
1141 2103 1177 2152 ut
1195 2085 1303 2152 seusus

206 2171 320 2251 integer
336 2173 483 2251 prodiret,
507 2173 662 2230 Cornelius
675 2173 871 2231 coniectando
888 2174 1051 2233 adnotavit.

292 2261 340 2322 16.
363 2259 459 2330 Quum
473 2257 509 2315 de
520 2257 659 2336 Pompeio
670 2257 822 2316 historiam
835 2257 1018 2317 Theodosius
1031 2257 1204 2336 adumbrat,
1225 2260 1302 2322 haec

206 2349 267 2400 est:
290 2345 346 2402 nn.
367 2343 403 2400 U.
426 2342 456 2404 C.
477 2347 547 2406 679.
570 2343 600 2403 L.
616 2342 732 2400 Licinio
747 2343 888 2417 Lucullo,
910 2344 950 2404 Μ.
966 2344 1087 2403 Aurelio
1110 2347 1198 2405 Gutta
1218 2348 1299 2409 Coss.

207 2425 355 2486 Creticum
374 2427 485 2484 bellurn
503 2426 570 2486 aut.
586 2427 715 2484 Antonio
738 2427 898 2486 infeliciter
915 2428 1085 2508 inceptum,
1108 2451 1125 2486 a
1141 2431 1179 2504 Q.
1195 2433 1300 2490 Caeci-

205 2509 388 2570 lio-Metello
413 2511 576 2590 perlectum
599 2521 669 2571 est.
696 2511 754 2569 Sed
780 2532 872 2590 quum
894 2513 1021 2571 victorin
1046 2515 1140 2572 elatus
1162 2516 1299 2576 Metellus

205 2595 319 2655 saevius
333 2596 365 2654 in
385 2597 520 2674 captivos
534 2595 796 2667 animadverteret,
818 2597 902 2655 multi
924 2598 1062 2678 Pompeio
1076 2600 1108 2656 in
1126 2601 1195 2658 Asis
1209 2623 1299 2660 corn-

206 2679 333 2738 utoranti
355 2699 385 2736 se
406 2681 594 2739 dediderunt.
642 2681 686 2738 De
705 2681 761 2740 hae
778 2701 811 2740 re
827 2681 870 2739 ita
893 2681 918 2740 F
920 2683 1002 2742 lorus
1023 2685 1091 2745 Iter.
1113 2685 1199 2747 Rern.
1219 2687 1298 2765 Epir.

98 2760 155 2816 Cel.
171 2760 190 2816 2
205 2763 256 2822 lib.
275 2763 325 2824 Ill.
345 2783 409 2843 cup.
432 2771 462 2829 7.
510 2765 648 2822 Metellus
666 2763 772 2824 deinde
791 2777 885 2823 totam
910 2769 1044 2825 insulam
1063 2771 1131 2846 igni
1149 2772 1298 2849 ferroque

198 2849 384 2928 populatus,
408 2851 491 2905 iutra
508 2851 644 2924 castella,
663 2861 691 2906 et
704 2849 792 2907 urdle
803 2850 927 2930 redegit,
949 2863 977 2910 st
992 2853 1156 2931 Genusum,
1177 2867 1204 2911 et
1217 2858 1298 2934 Ery-

204 2933 353 3008 thraeam,
373 2943 449 2990 stul
466 2934 577 2996 Graeci
588 2931 685 2990 dicere
697 2935 801 3010 solent,
823 2936 945 2994 urbium
965 2949 1092 2995 matrem
1106 2939 1296 3016 Cydonem:

202 3015 334 3094 adeoque
353 3037 439 3076 saeve
458 3020 489 3075 in
514 3021 652 3096 captivos
672 3019 895 3095 consulebatur,
922 3032 958 3079 ut
976 3043 1085 3081 verteres
1107 3045 1138 3080 ee
1157 3026 1297 3104 plerique

202 3101 393 3180 conficerent,
415 3101 474 3160 alii
494 3100 674 3160 deditionem
691 3124 781 3161 suam
799 3103 844 3162 ad
855 3108 1033 3185 Pompeium
1053 3099 1206 3168 abseltem
1223 3112 1297 3167 mst-

202 3197 303 3248 terent.
347 3185 503 3266 Pompeius
522 3196 618 3247 autem
634 3187 756 3247 Romam
778 3209 991 3249 reversusnon
1007 3191 1098 3250 modo
1119 3194 1157 3251 de
1175 3193 1296 3253 Mithri·
1342 3255 1346 3264 ,

202 3273 270 3332 date
292 3281 322 3331 et
340 3273 466 3351 Tigrane
484 3273 516 3330 in
533 3273 599 3332 Asia
615 3273 746 3332 subactis
764 3273 975 3352 triumphavit,
996 3277 1049 3335 sed
1063 3278 1190 3336 alterum
1206 3279 1296 3338 etism

201 3357 388 3438 triumphurn
408 3357 467 3436 egit
488 3358 618 3418 debello
634 3359 769 3418 Cretico:
792 3359 915 3440 captivis
937 3381 953 3419 s
975 3362 1061 3419 Creta
1074 3363 1220 3438 ducibus,
1243 3362 1295 3442 qui
1326 3361 1328 3366 ’
1357 3359 1360 3368 ’

201 3443 291 3500 adse
314 3444 500 3518 defecerant,
528 3463 628 3502 secum
654 3443 809 3522 adductis,
844 3445 957 3504 Metelli
984 3444 1170 3525 triumphum
1191 3447 1295 3506 immi-

200 3544 311 3600 nuens,
335 3528 467 3604 quamvis
481 3547 584 3606 reapse
599 3528 712 3589 nullam
728 3529 758 3586 in
773 3528 851 3587 bello
869 3529 984 3588 Cretico
1003 3540 1117 3608 partem
1132 3530 1293 3592 habuisset.

199 3608 380 3670 'llreodosius
394 3613 494 3689 itaque
509 3613 590 3671 hisce
604 3612 636 3670 iu
652 3613 783 3672 eeruibus
800 3613 970 3692 Pompeium
984 3635 1052 3673 curn
1069 3617 1219 3692 Romano,
1241 3637 1294 3677 seu

198 3683 300 3774 patius
324 3679 727 3780 cumttidlshoroconsen,
749 3706 838 3756 uteo
861 3699 952 3776 magis
975 3700 1105 3758 eiusdeln
1129 3701 1294 3782 Nicephori
1354 3763 1361 3792 ·

197 3781 341 3840 virtutem
359 3783 497 3856 extentat,
520 3781 663 3860 quoniam
681 3783 706 3841 ei
722 3781 868 3842 Cretensis
885 3784 1028 3844 victoriae
1041 3785 1135 3862 gloria
1150 3805 1223 3846 vers
1238 3787 1293 3845 de·

198 3862 337 3940 bebatur,
360 3866 431 3924 dum
454 3885 469 3924 e
490 3867 639 3926 contrario
654 3867 812 3948 Pompeiae
829 3867 937 3938 veteris
955 3868 1036 3927 illius
1058 3869 1206 3930 Cretensis
1221 3871 1293 3934 belli

195 3947 311 4008 laudem
329 3951 534 4030 usurpaverit,
555 3971 590 4010 ac
613 3952 696 4028 quasi
721 3972 858 4034 praesens
878 3953 1072 4030 decertasset,
1102 3955 1233 4016 alterum
1255 3957 1292 4016 de

196 4034 297 4093 eadem
314 4035 398 4093 Creta
415 4033 601 4113 triumphum
617 4037 727 4095 Romae
741 4047 888 4097 ostentare
901 4057 1038 4118 praesum
1056 4101 1080 4122 ,Η
1110 4038 1143 4100 ‘t.

278 4117 355 4180 leid.
381 4119 531 4198 Πομπίος]
555 4121 592 4179 In
608 4121 679 4179 Cod.
695 4141 784 4202 supra
805 4121 863 4182 huc
884 4143 993 4182 nomeu
1010 4119 1072 4194 hae'
1098 4123 1210 4202 legitur
1221 4135 1292 4187 nota

195 4196 394 4263 interlinearis
407 4205 546 4281 eiusdem,
568 4215 603 4264 ut
616 4205 745 4282 videtur,
760 4207 915 4285 scriptoris
931 4227 1021 4267 manu
1036 4220 1156 4268 exacue
1171 4209 1192 4273 d
1208 4216 1292 4274 Καῖ-

199 4303 254 4364 σαρ
275 4284 292 4348 ὁ
311 4287 414 4366 μέγας,
429 4281 526 4368 ¹'quod
547 4291 756 4350 animadvertit
780 4293 866 4351 etism
889 4295 1062 4369 Cornelius,
1091 4294 1146 4352 sed
1166 4298 1291 4356 omnino

110 4401 118 4414 ·
197 4372 339 4448 praeterit
365 4373 526 4432 coniectari
550 4377 624 4455 quid
645 4395 678 4434 ca
698 4376 755 4435 sibi
775 4379 858 4442 velit.
900 4371 1005 4459 ltaque
1024 4378 1101 4437 scies
1113 4380 1206 4460 volu,
1227 4403 1293 4443 eun
