2714 5138
176 329 250 378 mi
439 283 442 292 ’
606 313 846 396 ,c.n.1usu

180 478 295 555 ditum,
317 473 507 538 comervevit
528 473 617 536 nobie
636 493 716 534 unua
735 473 857 534 omnino
880 473 980 535 Codex
996 473 1201 536 Bibliothecae
1214 474 1277 534 lla-

179 583 265 664 giae,
281 581 413 661 signatus
432 578 520 660 priua
537 579 593 639 Nu.
616 580 709 646 2561.
731 595 816 636 nuuc
835 581 927 644 1712.
946 577 1018 638 olim
1039 578 1072 636 in
1092 575 1278 658 supellectile

178 685 326 758 litteraria
336 679 497 764 Raphaiilio
511 677 643 740 Tricheti
657 679 699 740 du
712 679 837 740 Freene:
859 679 912 759 qui
924 681 1067 740 causidici
1080 677 1279 757 Burdigalen-

180 787 222 848 eia
233 787 324 863 lilino,
351 805 420 844 oum
433 799 540 862 tegno
556 781 719 864 ducentur
738 779 883 842 librorum
898 783 1148 862 acquirendorum
1166 781 1279 859 studio,

179 888 340 970 Hispaniae
362 885 539 966 Italiamque
557 883 651 962 aeruel
679 891 709 943 et
732 884 847 964 saepiae
868 897 1011 964 regnante
1028 884 1183 946 Ludovieo
1198 883 1281 946 XIII.

180 993 261 1070 liuga
284 989 535 1050 Christianieeituu
554 987 598 1048 aiu
621 985 752 1064 obierat,
773 996 822 1064 ut,
844 973 987 1067 inspectio
998 989 1106 1067 passim
1121 985 1281 1048 hominum

174 1091 392 1153 historicorum
418 1089 565 1166 librariis,
595 1088 986 1180 propriamaipibliothecaui
1004 1091 1189 1170 locupletare
1206 1085 1300 1148 inde'

182 1205 352 1255 conaretur.
393 1191 423 1253 la
437 1214 476 1253 ex
488 1191 574 1252 Italia
586 1190 670 1252 hunc
686 1191 825 1252 Codicena
838 1191 871 1251 iu
885 1193 1012 1268 Galliam
1025 1190 1214 1274 deportavit,
1235 1197 1283 1250 te-

182 1307 280 1358 ntante
293 1295 469 1357 combefisio
486 1295 599 1374 Origin.
614 1294 700 1376 Cpol.
716 1294 788 1361 265.
803 1295 836 1356 Β.
849 1293 998 1371 ,Deinde
1018 1315 1087 1356 cum
1102 1294 1166 1356 vita
1180 1311 1285 1352 excea-
1307 1339 1310 1350 .

43 1465 46 1476 ⁴
179 1400 265 1461 aieret
286 1399 459 1474 Trichetua,
479 1399 503 1462 1.
522 1399 556 1458 B.
570 1397 741 1478 Cplbertua,
764 1395 920 1458 Ludovicu
939 1397 1017 1458 xlv.
1037 1398 1145 1478 Magno
1170 1395 1208 1455 ab
1228 1395 1282 1454 in·

136 1497 137 1502 ’
181 1503 263 1563 tirdie
284 1501 417 1563 conciliis
437 1511 468 1566 et
486 1498 631 1580 generalia
653 1498 759 1559 amerii
782 1497 967 1576 moderator,
997 1499 1084 1560 cuiue
1103 1496 1282 1558 immortalia

181 1605 260 1666 vivit
282 1606 425 1684 vivetque
448 1605 487 1664 ob
509 1599 653 1664 beneficia
670 1601 701 1660 in
715 1601 842 1660 Galliam
855 1603 964 1674 collata
976 1601 1136 1678 memoria,
1158 1599 1231 1662 emit
1243 1599 1284 1660 de

181 1705 274 1766 vidua
287 1707 320 1766 in
332 1705 730 1785 Bibliothecamqueilegiatu
740 1704 845 1764 intulit
857 1725 945 1764 omne
957 1704 1091 1765 'i'ticheti
1100 1703 1285 1764 litterarium

96 1825 102 1894 ‘V
182 1806 423 1870 lustramentum.
457 1809 494 1870 In
507 1830 568 1890 quo
581 1791 668 1869 eraut
685 1806 757 1868 libri
771 1806 907 1886 impreaai
919 1827 1045 1867 numero
1060 1787 1193 1888 plurimi,
1211 1825 1285 1864 urea.
1322 1839 1324 1844 ,

184 1907 284 1968 Latini
305 1919 336 1968 et
349 1907 446 1970 Italici
459 1909 642 1992 plueuainue
660 1911 692 1970 C.
707 1909 814 1970 Graeci
829 1910 891 1970 xt..
932 1909 1038 1989 Itaque
1049 1909 1082 1968 iu
1097 1905 1286 1968 Bibliotheca

86 2019 118 2074 Ρ.
135 2020 169 2072 xl
186 2009 465 2091 publicanorum
486 2013 589 2074 Codex
610 2021 729 2092 noster,
758 2009 930 2090 Ducaugio,
951 2011 1119 2088 Bandinio,
1147 2009 1285 2090 reliquia,

185 2129 262 2192 quoe
276 2113 360 2173 initio
373 2115 534 2190 nominavi,
554 2115 697 2179 innotuit.
732 2114 857 2174 Conetat
868 2111 941 2174 vero
956 2113 1038 2182 ioliie
1053 2113 1287 2176 membranaceis

114 2297 115 2302 η
184 2215 267 2294 422,
276 2215 454 2277 'chartaceis
475 2226 561 2314 octo,
592 2219 749 2280 continens
771 2225 891 2298 praeter
914 2215 972 2276 elia
990 2216 1116 2278 minoris
1142 2217 1288 2278 momenti

184 2315 258 2399 (vid.
267 2318 359 2380 Calai.
370 2321 464 2383 Codd.
479 2341 548 2384 ιιιιι.
562 2322 689 2382 Graece.¹
668 2319 769 2422 Btpt.
779 2320 849 2398 Reg.
856 2319 892 2380 lI.
907 2322 979 2385 891.
993 2316 1041 2399 D.)
1055 2319 1120 2380 illa·
1113 2317 1289 2400 ·1)Chro-

183 2419 277 2480 nicon
302 2422 446 2482 Simeonis
467 2423 647 2504 logothetae
668 2395 800 2481 ma'xima
825 2429 912 2500 parte
933 2420 1139 2498 ineditum,a
1166 2423 1220 2482 iul.
1246 2425 1288 2492 18

184 2541 269 2581 verae
292 2522 331 2581 ad
351 2523 406 2584 ful.
428 2529 492 2591 272
512 2535 647 2600 rectum,
676 2521 719 2603 2.)
743 2522 850 2584 Leonis
868 2521 995 2582 Diacoui
1008 2522 1188 2601 Historiam,
1211 2523 1291 2604 quae

43 2664 50 2676 .
183 2641 267 2681 nuuc
267 2621 398 2702 prodit,
420 2625 502 2686 ascl.
516 2632 580 2694 272
593 2637 672 2686 rectu
687 2627 725 2688 ad
743 2629 808 2692 322
821 2635 936 2684 rectum
939 2646 951 2700 ,·
973 2620 1016 2706 3.)
1030 2625 1187 2686 Michaelis
1199 2626 1292 2686 Paulli·

186 2721 461 2806 chronographiam
483 2729 574 2789 toneia
599 2747 723 2806 novem,
745 2728 816 2787 item
839 2727 997 2806 ineditam,
1019 2729 1105 2792 aiol.
1121 2733 1185 2797 322
1206 2739 1286 2790 recto

187 2825 225 2884 ad
241 2825 304 2894 422
315 2839 436 2891 rectura.
478 2830 640 2900 Exuutum
661 2851 726 2892 ecee
743 2830 770 2891 ai
785 2829 884 2890 minua
895 2849 940 2890 xi.
954 2839 984 2889 at
1008 2839 1088 2891 certe
1103 2851 1161 2892 ιιι.
1179 2851 1288 2892 caecu-

110 2949 111 2952 ’
186 2928 218 2988 Io
232 2929 329 2988 forma
351 2929 520 2991 litterarum
545 2933 747 3012 demouetrnt,
767 2931 848 2993 haud
870 2931 1072 2992 abeimilieilli
1091 2953 1182 3013 quant
1197 2933 1289 2994 Mon-

143 3081 144 3084 ,
186 3030 364 3090 teialconiue
386 3033 513 3112 protulit
531 3033 682 3114 Palaeogr.
699 3037 803 3096 Graec.
819 3041 891 3104 291.
914 3035 969 3096 Νο.
985 3035 1051 3095 VII.
1074 3035 1217 3114 utigitur
1229 3056 1289 3098 ne-

188 3134 279 3193 sciam
295 3133 369 3213 quid
382 3134 553 3196 intuentem
565 3136 683 3198 venerit
697 3138 916 3198 confectoribus
930 3137 1063 3216 Catalogi
1074 3137 1151 3200 Bibl.
1166 3123 1238 3214 hig.
1246 3137 1288 3201 II.

187 3241 261 3304 891.
275 3237 307 3294 C.
327 3237 439 3314 dicere,¹
458 3257 525 3298 euru
541 3242 659 3300 saeculo
673 3241 789 3302 decimo
806 3240 911 3321 quinto
924 3238 1022 3299 videri
1041 3239 1286 3319 scriptume'niei

187 3338 281 3398 idda
299 3339 337 3399 iia
359 3339 508 3401 duntaxat
527 3341 694 3423 intelligar,
717 3343 841 3424 quaein
863 3352 932 3402 octo
954 3341 1036 3401 ioliia
1059 3339 1222 3424 chartaceis
1247 3340 1288 3402 ad

189 3439 300 3499 calcem
316 3451 443 3502 exstent.
486 3443 555 3524 Ipee
572 3445 691 3522 Codex,
711 3425 905 3506 timeteinun
925 3444 999 3504 adeo
1015 3442 1117 3510 multia
1135 3443 1294 3558 profunde

187 3541 356 3608 latentibua
369 3543 484 3605 mendic
499 3555 608 3625 scatet,
629 3545 720 3608 habet
733 3557 834 3608 tamen
850 3548 1002 3608 itaciamue
1017 3555 1078 3622 tot,
1102 3554 1177 3636 quot
1196 3544 1288 3606 inli-

187 3642 250 3706 laria
266 3665 342 3706 naec.
352 3666 410 3709 ιιι.
425 3649 571 3738 peroratio
584 3669 647 3711 aare
662 3651 771 3728 colent,
792 3657 828 3710 ut
842 3650 985 3711 videlicet
997 3671 1011 3712 a
1025 3658 1056 3710 et
1069 3671 1114 3726 αι,
1137 3671 1158 3746 η
1174 3658 1229 3710 tet
1245 3671 1295 3727 ee,

190 3755 308 3824 octo,
330 3769 360 3810 οι
374 3757 451 3826 eto
472 3770 590 3831 eaeprua
605 3753 685 3812 anter
699 3772 730 3812 ee
749 3753 988 3825 confundantur,
1008 3771 1108 3831 neque
1123 3751 1166 3810 rte
1187 3747 1295 3812 rarum
1332 3741 1339 3750 ⁸

190 3847 248 3922 ait,
270 3847 314 3922 εἰς
336 3844 394 3930 τήν
413 3852 467 3912 tol.
485 3853 549 3920 315
571 3865 650 3914 recto
677 3853 743 3936 (ed.
763 3855 815 3922 95.
833 3852 885 3936 C.)
914 3853 1060 3934 scriptum
1080 3853 1217 3935 conspici
1234 3853 1289 3933 aic,

188 3941 278 4030 η’ςῆν.
322 3950 477 4014 Eiusmodi
500 3954 608 4016 menda
632 3957 737 4020 notavi
756 3957 925 4020 interdum:
948 3957 1145 4038 plerumque,
1167 3957 1290 4035 quaudo
1314 4029 1317 4036 p

190 4049 266 4110 nihil
280 4051 444 4149 habebant,
467 4057 547 4137 quod
562 4057 653 4120 fidem
669 4069 808 4142 receptae
821 4059 960 4121 lectionis
978 4059 1156 4120 labeiectare
1174 4066 1290 4138 pueaet,

83 4209 85 4218 .
167 4154 288 4250 ,numici
329 4157 366 4218 Iu
385 4177 501 4219 summa
518 4161 632 4237 fateor,
652 4183 716 4224 nou
738 4162 882 4224 maiorem
901 4162 1094 4223 mentorem
1113 4159 1291 4239 euaccpiaae,

172 4261 280 4335 'quem
292 4277 343 4319 ece
357 4261 506 4325 auatiuere
518 4281 639 4326 necem
651 4274 713 4343 aet,
735 4285 789 4351 qur
780 4261 912 4327 Codice
933 4285 972 4326 ex
993 4264 1084 4327 unico
1101 4259 1267 4346 pendent
1258 4281 1292 4322 ιιι
