2722 5272
204 395 280 472 422
542 401 579 470 C.
599 403 636 472 B.
657 399 774 472 nasu
793 401 946 472 NOTAE

175 567 176 571 ’
202 567 295 638 τοῖς.
319 559 495 622 Heliodorus
509 559 663 640 Theogenes
678 559 750 628 154.
768 561 799 625 0.
820 555 867 624 ὅτι
889 559 932 643 μή
954 555 1047 642 φύσει
1060 557 1238 644 καρτερικοὶ
1251 553 1299 640 ἦν,

204 641 273 710 oiil’
295 639 467 728 ἆξεερᾶστον
485 642 628 728 μαντικὸς
648 646 691 720 εἰς
712 641 768 726 τὴν
789 651 1003 729 παρελθοῦσαν
1024 642 1168 721 ἀθέατος.
1215 645 1299 707 Philo

203 731 248 792 lle
259 729 375 812 Ioseph.
391 732 462 798 417.
475 733 509 794 F.
527 729 930 794 ποποποποποποποῖ
944 731 1060 810 civilis,
1082 725 1135 794 riu
1149 753 1183 793 τε
1196 753 1298 812 ποιμε-

205 812 307 893 nanda,
329 815 380 880 sul
391 813 444 880 eda
456 811 659 898 οἰκονομικὸν,
680 813 732 878 καὶ
741 811 796 880 saia
810 813 994 899 καρτερτκδν,
1015 835 1103 896 quem
1117 816 1219 874 statim
1234 826 1299 896 post

204 901 333 984 ἐγκρατῆ
350 911 447 962 vocat.
489 901 576 961 Unde
598 910 629 961 st
649 897 684 963 τδ
706 898 881 983 καρτερικὸν
892 901 1140 982 philosophorum
1153 911 1297 978 veterum,

115 1019 120 1030 ·
205 985 242 1046 de
267 1007 325 1064 quo
348 987 467 1066 Diogen.
486 988 584 1047 Ladrt.
609 984 774 1045 Antisthan.
796 989 867 1052 138.
891 987 923 1046 C.
945 985 1013 1049 etd
1038 981 1213 1069 καρτερικὸς
1231 987 1299 1066 βίος

178 1071 326 1132 chsebii
340 1071 535 1136 Demonstrat
551 1071 728 1150 Evangeliaa
745 1073 816 1136 117.
836 1071 870 1133 D.
887 1081 917 1131 et
932 1066 1018 1153 νόμοι
1035 1069 1206 1154 καρτερικοὶ
1221 1071 1298 1150 apud

203 1157 386 1216 Oenomaum
414 1157 638 1237 Praeparatione
666 1155 805 1234 Evangel.
826 1159 897 1224 221.
920 1157 952 1215 C.
994 1155 1096 1216 Altera
1120 1154 1296 1232 significatio

201 1251 249 1301 est
256 1244 397 1320 patiens,
415 1261 578 1301 aerumnas
579 1243 686 1319 serem
691 1287 700 1314 ,
718 1237 950 1319 ὑπομονητικὸς,
970 1241 1020 1300 eui
1035 1241 1104 1301 voci
1119 1261 1136 1299 a
1150 1242 1181 1304 S.
1196 1239 1298 1318 Chry-

203 1327 441 1402 sostornoOrat.
461 1327 495 1386 in
514 1327 729 1388 scandalizatos
748 1325 814 1385 Vll.
837 1328 888 1389 33.
906 1333 935 1391 2.
958 1325 1161 1404 coniungitur.
1206 1325 1250 1384 Ita
1261 1323 1298 1385 hl.

151 1459 153 1462 .
204 1410 375 1470 Antoninus
394 1413 437 1471 De
456 1411 553 1492 seipso
577 1416 648 1478 193.
672 1411 706 1469 ll.
722 1410 759 1470 de
778 1413 919 1468 Socrate:
940 1405 1192 1494 καρτερικῶτερον
1211 1409 1246 1472 έν
1259 1412 1298 1493 τῷ

203 1491 293 1642 'lilii
313 1495 539 1660 iiiiii?
564 1494 1298 1654 ..⁸4l¹tlttlttd⁶lt..⁸ltt'tltlil

204 1663 247 1726 Μ.
262 1605 334 1733 69η2.
350 1667 384 1725 A.
414 1606 544 1726 lnveiaisi
552 1602 779 1743 tamesinipsssim
797 1641 878 1742 apud
891 1665 1091 1742 posteriores,
1116 1663 1170 1723 ubi
1185 1671 1298 1724 vertare

202 1750 308 1828 possis,
329 1748 508 1828 intrepidum,
530 1752 696 1822 ωτίιποεαε,
716 1767 774 1826 quo
790 1767 877 1807 sensu
890 1748 941 1807 hic
952 1749 1074 1809 videtur
1086 1747 1174 1810 sumi.
1198 1749 1229 1807 S.
1241 1747 1298 1807 An-

202 1833 321 1892 tiochus
330 1834 461 1913 Epistola
476 1835 514 1892 ad
523 1832 714 1892 Eustachium
726 1836 817 1898 1022.
830 1832 865 1894 D.
877 1832 914 1892 de
924 1833 1088 1911 monachis,
1108 1851 1171 1892 non
1185 1842 1221 1892 ut
1231 1851 1297 1892 cae·

203 1918 261 1976 teri
275 1920 577 1978 metuSaracenoruna
592 1917 817 1977 adventantium
830 1916 905 1977 diffu
926 1919 1066 1978 lentibus:
1089 1911 1298 1996 induraverit

204 2000 238 2064 oi
246 2001 413 2084 καρτερικοὶ
428 2004 534 2067 doridos
546 2007 602 2065 τοῦ
614 2005 748 2081 Χριστοῦ
757 2000 791 2066 έν
809 2006 849 2063 τ’
860 2007 965 2081 λαυρα.
1008 2001 1216 2083 Superlativns
1232 2003 1297 2080 καρ-

202 2081 381 2164 τερικότατα
403 2107 490 2170 saepe
510 2086 727 2149 adverbialiter.
765 2089 794 2148 S.
816 2023 948 2167 plyfflug
963 2087 1125 2148 Alexandr.
1139 2086 1298 2167 Glaphyris

204 2167 229 2230 1·
243 2171 315 2238 242.
336 2171 371 2234 Ι).
392 2167 628 2256 καρτερικώτατα
645 2177 709 2246 τοῖς
721 2164 826 2246 πόνοις
846 2165 986 2253 ἐντνχοέν.
1016 2175 1046 2232 S.
1063 2172 1192 2232 Basilius
1207 2171 1299 2251 Epist.

173 2255 319 2323 Ilm-11·
340 2257 414 2325 942.
441 2257 478 2318 A.
500 2251 735 2339 καρτερικωτατα
755 2261 882 2341 σιωπρὶν.
924 2256 971 2317 Ab
991 2257 1139 2318 adiectivo
1160 2251 1299 2338 καρτερὸς

206 2339 352 2402 deductae
364 2361 462 2418 voces,
482 2341 517 2400 in
530 2341 644 2402 Le'xiois
661 2341 802 2418 omissae,
824 2349 896 2401 sunt
910 2337 1098 2426 παρτερότης,
1120 2341 1226 2416 robur,
1236 2341 1299 2420 fir-

203 2424 331 2487 mitada.
366 2427 396 2490 S.
422 2427 552 2508 Gyrillus
573 2424 861 2504 Hierosolymitanus
883 2425 1035 2486 catechesi
1049 2427 1121 2493 274.
1136 2427 1169 2490 B.
1189 2425 1223 2488 ἐκ
1248 2448 1298 2506 μο-

204 2511 343 2584 νοειδοῦς
361 2507 432 2592 χοᾶς
449 2515 617 2594 γεννᾶσθαι
635 2510 686 2572 καὶ
700 2505 809 2574 ὀστέων
828 2507 1038 2593 καρτερότητα,
1059 2509 1112 2573 καὶ
1130 2504 1299 2591 πνεύμονος

136 2611 141 2620 ·
205 2589 382 2673 ἁπαλότητα.
425 2595 527 2656 Altera
542 2589 784 2678 καρτερόψαχος,
797 2597 913 2672 fortia,
929 2599 1067 2676 patiens,
1088 2595 1204 2654 inlooo
1223 2603 1300 2654 certe

204 2681 234 2740 S.
254 2677 458 2757 Chrysostomi
472 2681 556 2742 Orat.
580 2680 614 2738 in
626 2680 851 2740 Praecursorem
865 2679 926 2742 Vll.
944 2680 1015 2748 532.
1029 2680 1079 2746 SA·
1094 2675 1129 2743 ssi
1150 2681 1235 2760 drino
1247 2679 1300 2740 τοῦ

204 2759 429 2844 καρτεροψύχον
446 2757 520 2844 Ἰῶβ.
562 2761 674 2824 Vocem
686 2764 821 2839 tertiam,
843 2765 1079 2847 καρτεροψυχέα,
1100 2767 1201 2822 animi
1209 2764 1299 2822 robur

205 2856 233 2903 et
240 2845 408 2924 fortitudo,
429 2867 498 2907 cum
512 2845 620 2909 habeat
634 2863 766 2906 summus
779 2848 828 2908 vir
839 2847 1039 2909 Schneiderus
1054 2849 1087 2907 in
1101 2849 1223 2918 Lexico,
1244 2848 1298 2906 du-

203 2930 405 2992 biam'tsuren
424 2951 486 2992 esse
506 2933 684 3012 suspicatur.
723 2931 768 2992 Ea
787 2951 859 2993 vero
876 2943 1005 2994 utuntur
1019 2933 1161 3014 Iosephus
1177 2935 1222 2994 lle
1236 2931 1299 2992 bla-

205 3013 351 3078 ohabaeis.
370 3019 461 3084 1093.
491 3015 524 3076 E.
543 3009 766 3097 θαυμασάντων
784 3014 819 3079 δὲ
839 3013 963 3081 πάντων
982 3014 1039 3099 τήν
1060 3017 1300 3100 καρτεροψνχέαν

204 3095 309 3165 ον’τοῦ.
339 3100 367 3162 S.
380 3099 507 3160 Basilius
517 3101 610 3182 Epist.
627 3119 770 3163 coxuvnr.
785 3101 824 3163 ΙΙ.
841 3108 931 3169 1066.
948 3104 980 3165 0.
996 3099 1054 3184 τήν
1067 3101 1145 3185 τέπέρ
1161 3107 1216 3184 τῆς
1232 3096 1299 3180 ailu-

204 3188 285 3257 θοῦς
307 3185 432 3259 πίστεως
445 3186 692 3269 superpo-popleta.
733 3186 853 3246 Nicetes
876 3186 1026 3267 Paphlago
1041 3187 1167 3248 Laudat.
1187 3189 1219 3247 S.
1239 3187 1300 3244 En-

204 3269 294 3328 elath.
308 3268 358 3336 63.
373 3269 407 3328 A.
425 3274 514 3356 νικᾷν
529 3268 584 3352 μέν
595 3273 635 3356 τῇ
647 3271 869 3356 καρτεροψνχέᾳ
881 3267 932 3336 τὸν
947 3266 1180 3356 ἀνταγωνιστήν.
1225 3269 1299 3352 Var-

203 3354 274 3415 bum
289 3353 487 3435 compositum
506 3353 718 3438 έπιτιαρτερέω,
733 3375 907 3434 persevero,
927 3375 1018 3435 aeque
1033 3356 1065 3416 in
1080 3357 1199 3416 Lexicis
1211 3355 1299 3416 omis·

204 3439 1054 3600 Μαῖαν..
1072 3441 1195 3588 tul·
1244 3520 1301 3606 .1

205 3603 341 3668 Postulat
359 3568 497 3688 iyntixia
512 3547 658 3684 ¹scili-‘iias'
677 3547 924 3688 udsdvivtauiaii,
936 3547 1300 3690 buniirhiiridhmoiiiipho

205 3698 329 3751 auctora
349 3711 471 3753 manare
486 3693 668 3754 credendum
682 3702 741 3770 est,
762 3702 798 3753 nt
813 3693 864 3760 84.
877 3695 910 3753 G.
924 3691 1068 3778 aspirarit
1081 3689 1181 3775 μάχην
1194 3699 1300 3777 χωρεῖν

203 3781 268 3849 τοῖς
286 3774 443 3856 ἑπομένοις
463 3773 676 3860 προύτρέπετο·
698 3778 749 3844 95.
771 3778 813 3841 B.
831 3773 948 3852 τούτοις
969 3775 1173 3863 προύτρέπετο
1194 3783 1301 3861 χωρεῖν

95 3853 124 3906 Ρ·
137 3855 190 3914 203
206 3855 282 3922 sord
299 3863 360 3923 suiv
378 3866 529 3940 Σκυθῶν,
555 3861 633 3922 nihil
654 3861 780 3929 mutavi.
822 3861 906 3924 ldem
927 3865 1068 3939 verbum,
1088 3862 1301 3946 προτρέπομαι,

205 3945 351 4022 ταΙιοττον,
372 3965 436 4005 non
449 3967 511 4007 uno
523 3947 592 4008 loco
608 3946 803 4007 confunditur
815 3965 884 4006 cum
897 3946 1128 4031 προστρέπομαι,
1149 3949 1300 4028 supplico,

206 4027 311 4094 adoro.
353 4031 498 4092 Eusebius
519 4030 746 4112 Praeparatione
767 4031 945 4111 Evangelioa
963 4037 1015 4100 67.
1040 4031 1076 4092 A.
1095 4028 1148 4106 adr
1160 4026 1300 4114 dvopysd-

206 4129 295 4186 στοας
317 4111 433 4190 tetrade
446 4110 582 4201 εὐσεβείᾳ
595 4111 681 4201 νόθῳ
697 4114 954 4198 προτρεπομένων.
998 4117 1102 4177 Scribe
1115 4135 1302 4199 προστρεπο-

206 4195 315 4275 μένων,
338 4201 388 4260 vel
402 4200 512 4280 potius,
534 4209 648 4260 utcurn
660 4202 907 4280 praecedentibus
920 4203 1097 4277 concordet,
1119 4217 1303 4283 npooaperao·

206 4279 290 4362 μένη.
333 4284 362 4342 8.
380 4285 514 4345 Clemens
533 4285 698 4347 Alexandr.
722 4285 935 4362 Admonitiona
949 4287 986 4346 ad
1000 4296 1101 4366 gentes
1116 4287 1165 4353 24.
1184 4289 1217 4347 C.
1232 4283 1303 4366 ’Ἀρ-

210 4387 293 4446 τεμιν
308 4363 339 4429 dl
349 4362 487 4452 Ἀρκάδες
500 4367 725 4456 προτρέπονται.
757 4371 885 4432 Tametsi
900 4370 951 4433 hic
965 4383 1047 4434 recte
1060 4371 1190 4433 restituit
1206 4389 1302 4454 προσ-
