2746 5152
54 441 57 448 .
193 273 272 402 ναι
315 315 348 402 εἰ
438 333 498 403 on
518 324 818 404 muraneum
842 333 1026 404 omres

193 485 305 589 χεῦρῳ,
333 501 385 566 δια
400 523 436 563 το
459 497 689 582 κατεπείγεσθαι
704 506 773 573 ταῖς
790 495 925 574 ἱππικαῖς
939 495 1041 565 αάτῶν
1056 495 1204 582 δυνόμεσι
1218 511 1291 581 ταῒς

196 607 239 682 εἷς
253 605 336 691 λείαν
357 593 580 686 έκδραμοόσαις
592 597 697 683 τάχιον
712 597 875 684 ἓνωθήναι.
902 603 953 666 καὶ
967 599 1214 690 ὁδοιπορούντων
1230 606 1291 670 αῦ-

193 713 257 776 τιῦν
278 700 482 788 ἐπιτυγχάνων
504 699 521 768 ὅ
546 701 735 788 στρατηγὸς,
762 699 935 786 προθύμως
955 693 997 780 είς
1020 705 1075 770 τόν
1096 705 1163 770 κατ’
1184 705 1290 774 αάτῦν

194 805 362 895 ῦρμησότω
375 804 523 887 πόλεμον,
542 805 649 882 καθὼς
664 807 716 869 καὶ
731 807 799 891 περὶ
811 811 867 870 τοῦ
882 807 914 868 έν
927 812 966 893 τῇ
982 803 1143 898 ὁδοιπορίᾳ
1157 807 1290 895 φωσσό-

193 937 249 976 του
259 908 537 994 ’διακεχωρισμὲνου
555 915 611 972 τοῦ
627 904 759 993 κοῦρσου
778 904 1007 994 προειρήκαμεν.
1035 913 1086 974 καλ
1102 907 1205 976 πάντα
1221 914 1315 978 ἔπι-5

194 1019 296 1097 μελῶς
320 1019 480 1086 ποιοῦντος
500 1017 556 1076 τοῦ
581 1017 753 1096 στρατηγοῦ
778 1011 856 1075 κατὰ
883 1011 939 1094 τὴν
961 1013 1113 1098 προτέραν
1136 1011 1287 1098 διάταξιν,

194 1115 252 1201 τήν
269 1123 324 1182 τοῦ
341 1118 422 1180 Θεοῦ
439 1112 514 1197 έχων
526 1111 678 1197 βοήθειαν
693 1116 743 1178 καί
754 1119 810 1196 τῆς
825 1110 912 1197 ἁγίας
927 1116 976 1176 καὶ
994 1112 1212 1201 παναχρόντου
1223 1145 1290 1202 μη-

192 1219 267 1304 τρὸς
283 1217 378 1284 αὐτοῦ
398 1217 450 1282 καλ
471 1213 643 1302 Θεοτόκου,
669 1214 804 1302 μεγάλην
817 1217 868 1281 καὶ
885 1213 1043 1302 ἀξιόλογον
1058 1221 1199 1284 δουλείαν
1219 1221 1288 1286 ε’πι-

190 1322 312 1390 τελέσω.

163 1471 187 1526 D
529 1486 615 1540 nur.
633 1479 673 1540 ιε’.
707 1482 777 1554 Περὶ
794 1477 953 1555 ἀσφαλείας.

267 1600 329 1665 Δεῖ
348 1591 403 1664 οῦν
427 1594 477 1676 od,
507 1588 531 1662 ὦ
551 1597 718 1682 στρατηγέ,
746 1604 850 1662 πᾶσαν
875 1593 1044 1684 ἀσφάλειαν
1068 1595 1118 1659 καί
1143 1592 1286 1682 φυλακήν
1297 1610 1332 1667 10

189 1697 280 1783 έχων,
309 1707 363 1764 τοῦ
377 1699 421 1783 μή
438 1698 654 1784 αἶγενιδιασμδν
671 1695 841 1782 ὑποστῆναι
850 1749 860 1778 ,
889 1702 939 1764 καὶ
958 1695 1116 1781 ἀδοκήτως
1137 1699 1213 1772 τοῦς
1225 1724 1287 1764 πο-

189 1805 310 1886 λεμίους
327 1803 405 1866 κατὰ
423 1808 479 1866 σοῦ
494 1800 549 1884 τήν
565 1799 677 1886 ἔφοδον
693 1798 896 1886 ἐργάσασθαι.
928 1802 1002 1878 {trac
1016 1801 1049 1864 δὲ
1063 1798 1117 1884 τήν
1142 1801 1289 1886 ’φυλακήν

189 1907 239 1968 καὶ
259 1903 447 1990 ἀσφάλειαν,
477 1902 533 1987 είγε
558 1902 637 1966 καθ’
661 1900 790 1986 ἑκάστην
809 1901 926 1988 ἡμέραν
945 1903 1181 1968 ἀποστέλλονται
1197 1902 1287 1989 παρὰ

187 2013 246 2070 σοῦ
264 2007 293 2072 oi
309 2007 480 2092 ὀφείλοντες
493 2005 676 2090 παραμένειν
692 2013 735 2093 τῷ
755 2012 817 2070 τῶν
834 2009 991 2088 πολεμίων,
1003 2001 1159 2092 φωσσότῳ
1167 2053 1178 2084 ,
1207 2005 1239 2067 ἓν
1258 1995 1287 2093 ’ᾧ

187 2107 273 2197 τόπῳ
293 2109 473 2188 αὐλίζονται.
517 2109 636 2172 ἐκείνων
660 2107 718 2194 γὰρ
742 2107 794 2172 διδ
814 2111 950 2192 σπουδῆς
966 2107 1133 2192 τιθεμένων
1148 2108 1200 2170 καὶ
1223 2113 1287 2170 πᾶ·
1296 2119 1330 2174 15

73 2207 107 2263 Ρ·
125 2205 175 2266 145
192 2235 251 2278 σαν
267 2212 408 2296 μηχανήν
423 2210 715 2292 καταβαλλομένων,
743 2208 901 2296 ἀδοκήτως
917 2234 964 2276 σοι
982 2211 1130 2292 ἐντυχεῖν,
1157 2214 1215 2273 τοῦ
1228 2233 1288 2273 κα-

186 2316 424 2399 ταγωνίσασθαί
440 2337 491 2392 σε,
520 2316 561 2388 εἰς
576 2310 699 2396 βλάβην
720 2313 777 2395 μέν
796 2316 847 2378 καὶ
872 2311 1023 2377 ἀπώλειαν
1044 2317 1100 2376 τοῦ
1112 2308 1294 2396 χριστωνό-·

186 2443 248 2500 μου
265 2422 362 2496 λαοῦ,
391 2419 441 2481 καὶ
461 2415 587 2506 ἀδοξίαν
605 2421 668 2479 τιῦν
687 2413 917 2500 κραταιοτότων
929 2411 1104 2497 Ῥωμαίων·
1132 2416 1175 2488 είς
1189 2411 1286 2500 έπαρ-

185 2543 235 2584 σιν
254 2520 288 2583 δέ
305 2522 355 2583 καλ
375 2520 532 2602 γαυρίαμα
554 2525 616 2582 τιῦν
633 2515 788 2596 ἀλαζόνων
805 2525 860 2602 τῆς
869 2518 963 2604 Ἅγαρ
983 2517 1058 2582 υἱῶν
1076 2515 1126 2579 καὶ
1138 2514 1286 2602 ἀρνητιῦν

22 2620 75 2672 W·
88 2619 141 2676 392
155 2637 180 2674 ¹·
187 2625 328 2706 Χριστοῦ
344 2627 400 2685 τοῦ
419 2624 500 2686 Θεοῦ
517 2617 622 2702 ἡμῶν·
642 2623 802 2703 συμβαίνει
818 2621 876 2706 γὰρ
891 2625 1119 2704 κατασχεθῆναι
1136 2617 1207 2704 παρ’
1224 2617 1328 2684 ord-bt)

185 2734 250 2799 τοῖς
267 2720 426 2805 δεσμώτας
441 2729 503 2786 τῶν
521 2719 675 2808 ἡμετέρων
682 2771 693 2802 ,
721 2721 741 2806 ἢ
760 2725 811 2786 καλ
833 2720 1024 2814 αὐτομόλους
1042 2720 1204 2805 γενέσθαι,
1232 2723 1288 2784 καλ

184 2824 256 2914 παρ’
275 2823 378 2890 αὐτῶν
399 2831 532 2906 μαθεῖν,
560 2826 592 2889 ἓν
614 2826 692 2912 ποίῳ
713 2822 800 2916 τόπῳ
822 2825 938 2913 αόλίζγγ.
976 2825 1015 2890 ἵν’
1036 2815 1091 2890 οῦν
1110 2822 1156 2906 μή
1170 2820 1287 2898 ’νυκτδς
1368 2811 1372 2818 ‚

255 2989 283 3045 5.
303 2983 433 3055 κοόρσον.
458 2983 518 3039 Vid.
535 2987 686 3056 supra132.
703 2987 736 3040 B.

205 3125 363 3198 roperubunt
384 3141 440 3178 curn
460 3123 624 3192 equestribus
641 3125 723 3194 copiis
738 3121 888 3194 praedatum
905 3123 1017 3194 egressis
1030 3124 1138 3179 celerius
1154 3124 1284 3192 coniungi.

202 3205 229 3251 te
241 3197 264 3248 si
276 3196 332 3248 illos
344 3195 395 3248 iter
408 3193 532 3246 iacientes
547 3193 717 3262 deprehendit
729 3195 790 3256 dux,
808 3194 926 3246 alacriter
938 3195 971 3246 od
984 3211 1082 3247 uranum
1100 3195 1285 3248 conserendam

187 3283 218 3318 se
230 3266 350 3327 invehat,
366 3263 433 3316 sicut
444 3261 471 3314 iu
485 3260 570 3330 capite
584 3265 616 3314 de
628 3261 720 3315 itinere
734 3263 871 3324 exercitus,
890 3264 991 3332 quando
1005 3281 1021 3315 a
1033 3265 1229 3333 praedatoribus
1241 3281 1285 3314 ae-

187 3334 300 3387 iunctum
321 3339 375 3396 est,
393 3329 612 3402 praescripsimus.
647 3331 721 3394 Quae
743 3331 765 3385 si
786 3331 869 3383 omnia
884 3331 1021 3400 diligenter
1040 3333 1091 3384 dux
1109 3333 1192 3400 egerit
1208 3330 1285 3384 modo

186 3412 249 3456 ento
268 3402 351 3464 dicto,
369 3399 489 3453 auxilium
512 3400 609 3452 babens
628 3417 660 3451 ex
672 3399 728 3452 Dee
750 3407 888 3468 sanctaque
907 3407 935 3454 et
952 3400 1111 3455 inmaculata
1126 3408 1210 3455 matre
1225 3400 1284 3454 eiua

185 3469 316 3542 Deipara,
330 3485 448 3541 magnum
466 3485 496 3523 ao
509 3469 671 3522 memorabile
690 3469 790 3523 focinus
809 3468 913 3521 efficiet.

565 3610 626 3660 car.
643 3607 697 3660 XV.
725 3597 768 3660 ¹lle
785 3608 904 3660 cautione.

112 3717 113 3720 ’
254 3707 423 3777 Quapropter
440 3709 485 3772 te,
501 3723 517 3760 o
531 3705 599 3770 dux,
617 3711 720 3778 oportet
741 3707 900 3775 vigilantiam
918 3705 1112 3778 cautionemque
1123 3723 1222 3760 omnem
1235 3706 1284 3760 sd-

185 3775 290 3840 bibere,
308 3793 340 3829 ne
353 3775 463 3829 subitam
476 3777 526 3829 rim
540 3777 655 3846 patiare,
674 3794 739 3830 neve
755 3776 787 3828 de
800 3775 936 3846 improviso
950 3777 1015 3830 inte
1029 3779 1118 3830 hoster
1134 3777 1287 3846 impressio-

186 3863 243 3900 nem
267 3845 372 3898 fociant.
408 3845 507 3899 'l'uturu
527 3855 611 3898 autem
631 3853 777 3915 tectumque
796 3851 823 3896 te
841 3847 1001 3914 praestabis,
1022 3848 1045 3899 αἰ
1066 3845 1174 3928 singulis
1192 3845 1285 3898 diebus

186 3915 320 3968 mittuntur
341 3921 396 3966 ate
414 3914 459 3983 qui
476 3915 615 3970 exercitum
629 3915 738 3968 hostium
757 3915 938 3982 speculentur,
955 3932 987 3967 co
1002 3915 1058 3968 loco
1072 3917 1116 3968 ubr
1127 3911 1285 3969 consederit.

101 4021 106 4030 i
184 3982 351 4051 Diligentiam
369 3983 434 4036 enim
449 3983 573 4035 adbibent
590 4000 737 4053 omnemque
750 3984 874 4034 rationem
889 3984 993 4046 meunt,
1010 3984 1218 4053 quemadmodum
1232 3999 1284 4035 neo

185 4051 291 4122 opinato
303 4053 351 4104 tibi
368 4051 566 4120 superveniant,
584 4060 663 4120 teque
674 4052 836 4122 opprimant,
854 4052 887 4104 ad
905 4053 1073 4106 edomitatem
1085 4061 1113 4106 et
1125 4051 1284 4104 internecio-

185 4137 242 4172 nem
261 4121 351 4190 populi
370 4119 517 4183 christiani,
541 4120 703 4188 ignominium
724 4120 924 4202 bellipotentium
940 4121 1124 4184 Romanorum,
1147 4121 1285 4174 elationem

186 4196 271 4242 anum
287 4198 364 4258 atque
382 4189 544 4242 iactationem
564 4191 738 4258 arrogantium
757 4189 866 4242 liborum
885 4192 972 4260 Agar,
996 4189 1165 4242 inficiatoruru
1186 4188 1286 4242 christi

185 4256 237 4310 Dei
249 4257 343 4310 nocuis
361 4259 456 4311 etenim
468 4274 514 4309 usu
526 4259 610 4320 venit,
628 4267 657 4312 ut
669 4259 772 4328 quidam
785 4258 818 4310 de
830 4260 924 4312 nosuis
936 4257 1032 4328 captivi
1044 4258 1121 4322 fiant,
1140 4264 1187 4310 sut
1197 4263 1287 4309 trana-

186 4325 297 4398 lugiaut,
308 4325 377 4392 uude
389 4326 538 4397 doceantur,
551 4343 601 4398 quo
613 4326 669 4382 leco
681 4327 781 4382 tandm.
807 4327 936 4397 igiturne
947 4330 1025 4382 oootu
1038 4331 1150 4382 munte
1162 4325 1285 4398 equitatu
