2722 5272
92 160 396 376 ,ι

209 729 290 804 348.
513 727 776 800 LUlTPllANDl
797 727 994 800 LEGATIO

211 891 356 977 Sophiam
372 887 556 970 ingreditur,
581 888 711 952 dominis
725 887 788 950 suis
807 853 1038 969 lmssmtonlsus
1053 879 1092 948 ¹se
1113 908 1132 948 a
1150 888 1242 968 louge
1257 907 1303 950 se-

212 995 386 1076 quentibus,
403 1002 433 1054 et
447 993 481 1054 in
493 991 576 1074 paria
590 992 694 1054 osenla
709 991 748 1050 ad
764 1000 875 1054 terram
887 1009 979 1070 usque
995 989 1198 1052 adorantibus.
1239 991 1304 1050 Ar-

182 1097 306 1176 llmiger
317 1095 406 1176 liuius
418 1093 524 1176 sagitta
539 1093 652 1154 calamo
668 1091 800 1154 immissa
820 1093 927 1154 Aerem
946 1090 988 1172 ¹²)
1009 1092 1042 1150 in
1061 1091 1193 1152 Ecclesia
1207 1092 1303 1172 pauit,

210 1219 286 1281 quse
304 1197 514 1278 prosequitur,
538 1215 597 1276 quo
619 1194 763 1256 nimirum
781 1203 917 1275 temporo
938 1193 1085 1272 imperare
1106 1193 1255 1273 eoeperit,
1275 1201 1304 1252 et

208 1301 256 1364 sia
276 1301 400 1379 laram,
423 1297 528 1380 quiid
548 1315 611 1363 uon
631 1295 791 1374 viderunt,
821 1295 1004 1374 intelligunt.
1045 1295 1110 1356 Huc
1131 1295 1234 1356 eadem
1257 1294 1304 1356 die

210 1403 370 1464 convimm
387 1420 435 1460 me
455 1398 514 1459 sibi
529 1417 590 1458 esse
604 1397 700 1458 iussit.
741 1397 810 1457 Nou
828 1406 909 1458 ratus
929 1405 1029 1458 sutem
1042 1415 1091 1456 ms
1105 1396 1229 1476 dignum
1243 1417 1303 1456 essa

199 1503 343 1586 *cuipiam
357 1521 480 1564 suorum
494 1500 639 1584 praeponi
654 1501 830 1576 Procerum,
852 1499 975 1580 quintus
991 1497 1123 1560 decimus
1139 1499 1178 1558 ab
1190 1520 1223 1560 eo
1234 1499 1303 1558 aba·

210 1627 268 1686 que
288 1624 415 1685 gausape
436 1603 519 1684 aedi5
540 1622 674 1664 meorum
688 1621 774 1662 nemo
789 1601 933 1662 comitum
946 1619 1009 1660 uon
1023 1599 1091 1660 dico
1109 1600 1209 1660 solnm
1223 1619 1303 1658 meu-

119 1709 129 1730 '
211 1727 262 1768 aaa
275 1727 338 1768 uou
350 1705 475 1786 assedit,
496 1705 549 1768 sed
563 1725 661 1786 neque
676 1705 799 1764 domum
807 1749 816 1782 ‚
837 1705 870 1764 iu
885 1723 943 1784 qur
957 1703 1086 1764 conviva
1101 1723 1197 1778 mam,
1217 1701 1302 1762 vidit

210 1806 282 1888 Qua
297 1809 330 1869 iu
344 1829 436 1870 coena
451 1805 595 1896 temporis
615 1805 702 1884 satia,
725 1815 755 1866 et
767 1805 931 1876 obseoena,
953 1804 1104 1888 ebriorum
1118 1824 1218 1880 more,
1239 1803 1302 1864 oleo

211 1911 357 1990 delibuta,
386 1911 501 1990 alioque
527 1908 658 1988 quodam
682 1907 843 1969 deterrimo
872 1907 1002 1989 piscium
1031 1907 1150 1987 liquore
1177 1926 1303 1986 aspersa,

212 2014 308 2090 multu
328 2033 419 2093 super
443 2010 578 2093 potentia
599 2018 715 2088 vestra,
743 2010 837 2070 multu
857 2029 948 2090 super
972 2009 1080 2088 Regula
1107 2018 1138 2068 et
1162 2009 1305 2068 militibus

182 2123 262 2177 uma
281 2115 408 2192 rogavit.
450 2112 507 2172 Cui
529 2131 598 2172 oum
612 2121 827 2194 consequenter
846 2121 958 2174 etvere
970 2111 1200 2192 responderem
1219 2130 1304 2170 meu-

210 2215 297 2294 tiris,
319 2216 382 2276 sita
404 2213 519 2274 domini
537 2213 583 2274 tui
595 2213 704 2276 milites
721 2215 875 2296 equitandi
895 2213 1008 2293 ignari,
1029 2213 1176 2294 pedaetris
1191 2232 1305 2296 pugnae

211 2316 406 2396 seminarii,
427 2328 579 2380 acutorum
599 2317 787 2398 magnitudo,
809 2317 973 2386 loricarum
990 2315 1167 2396 gravitudo,
1189 2315 1302 2375 ensium
1348 2389 1351 2400 ¹

212 2417 384 2498 longitudo,
405 2421 612 2500 galearumque
655 2421 752 2482 nudus
770 2429 878 2481 neutra
892 2403 984 2501 ‘parre
1002 2409 1205 2500 eos'puguars
1222 2417 1304 2495 sinit,

211 2540 248 2581 aa
261 2521 431 2601 subridens,
453 2523 593 2603 impedit,
612 2441 726 2603 liquit,
748 2543 799 2584 eos
811 2531 842 2582 et
855 2520 1075 2601 gastrimargia,
1095 2519 1156 2582 lano
1172 2529 1217 2582 est
1228 2537 1304 2580 ven-

210 2622 267 2684 tris
284 2623 450 2704 ingluvies,
478 2645 607 2706 quorum
621 2625 700 2686 Deus
721 2634 826 2686 veuter
843 2633 903 2702 eat,
925 2643 1052 2704 quorum
1075 2623 1217 2700 audacia,
1237 2641 1305 2682 crs·

97 2723 304 2816 Pg⁴⁸¹1³¹ss¹3
324 2725 489 2805 fortitudo,
511 2728 655 2807 ebrietss3
676 2726 837 2804 ieiunium,
860 2725 1034 2803 dissoluti05
1055 2745 1170 2806 paror,
1192 2721 1307 2782 sobrie·

104 2796 162 2850 ω
179 2797 267 2892 1tos.
308 2827 370 2890 Neo
388 2837 433 2889 eat
448 2819 481 2890 iri
499 2832 576 2892 mari
595 2831 717 2892 domiuo
737 2839 792 2892 tuo
810 2828 950 2890 ciantium
963 2847 1113 2890 uumerus.
1155 2824 1308 2903 Navigan-

210 2928 289 2990 tium
307 2930 454 2990 fortitudo
467 2931 542 2994 mihi
556 2934 615 3000 soli
634 2934 731 3011 ineat,
752 2932 805 3013 qui
820 2951 888 2992 eum
902 2931 1045 2992 elassibus
1059 2929 1215 3010 aggrediar
1228 2927 1307 2988 bella

209 3028 374 3090 maritimas
385 3029 451 3092 sius
466 3033 602 3095 civitaten
616 3035 769 3113 demoliar,
791 3021 910 3114 atquae
923 3033 1097 3094 fluminibus
1110 3040 1183 3094 suut
1195 3029 1308 3104 virius,

208 3130 342 3210 redigam
353 3131 387 3194 iu
405 3133 546 3199 favillam.
587 3135 684 3215 Quis,
704 3136 792 3216 cedo,
813 3135 889 3196 milri
903 3137 990 3200 etiam
1008 3135 1041 3196 iu
1057 3144 1137 3196 terra
1151 3133 1308 3214 copiarum

209 3233 362 3316 paucitate
381 3215 518 3297 resistere
535 3238 668 3318 poteritl
695 3239 780 3300 lilius
796 3259 859 3300 unu
879 3239 981 3300 affuit:
1008 3257 1089 3298 uxor
1110 3255 1173 3296 unu
1196 3233 1307 3306 deluit3

210 3336 357 3412 Saxones,
379 3336 486 3414 Suari,
512 3338 654 3420 Baioarii,
683 3341 780 3402 Italici
807 3363 910 3404 omnen
931 3361 1001 3402 eum
1020 3360 1057 3400 eo
1078 3338 1247 3414 affuerunt,
1276 3345 1310 3396 et

210 3457 280 3498 oum
297 3436 483 3500 civitatulam
503 3459 593 3502 uuam
611 3441 669 3502 sibi
690 3443 875 3506 resistentem
895 3455 1001 3525 capere
1019 3441 1185 3517 nescirent,
1214 3440 1308 3499 immo

209 3540 389 3622 nequirent,
410 3544 561 3623 quomodo
579 3545 655 3608 milri
673 3545 814 3608 resistent
833 3545 989 3610 venienti?
1024 3563 1112 3624 quem
1134 3551 1183 3604 tot
1201 3540 1309 3622 copiae

208 3653 450 3726 prosequuntur,
482 3647 630 3727 Gargara
654 3662 728 3730 quot
755 3661 882 3732 segetes,
914 3659 989 3730 quot
1017 3647 1109 3706 habet
1129 3643 1311 3722 Methymna

209 3766 360 3822 raeemae,
389 3748 473 3826 Quot
491 3745 613 3812 coenam
632 3753 744 3814 Stellae
751 3799 761 3832 ,
791 3764 864 3834 quot
885 3755 972 3812 Mare
992 3755 1027 3810 ia
1042 3747 1181 3830 flatibus
1193 3745 1309 3806 undas.

210 3846 267 3906 Cui
292 3869 362 3910 eram
387 3852 585 3932 respondere,
613 3864 644 3916 ot
667 3854 894 3936 apologeticum
919 3853 1043 3932 dignum
1067 3849 1224 3910 inflatione
1249 3849 1332 3910 hae·

181 3949 349 4011 Bevomera
360 3952 546 4032 vellemnon
558 3956 694 4038 permisit
699 3979 709 4036 ς
735 3958 789 4020 aed
801 3955 911 4018 adiecit
924 3955 1009 4035 quasi
1022 3953 1061 4014 ad
1076 3951 1309 4032 contumeliam:

208 4071 264 4113 vos
283 4048 328 4134 17)
353 4071 416 4112 nou
433 4053 577 4136 Romani,
599 4061 652 4120 aed
672 4059 861 4138 Langobardi
883 4057 963 4118 estis.
1008 4055 1064 4116 cni
1086 4053 1187 4117 adhue
1205 4053 1311 4114 dieere

209 4153 339 4232 volenti,
360 4163 392 4214 et
413 4175 505 4218 mauu
525 4168 561 4220 ut
580 4169 710 4222 tacerem
726 4161 879 4236 innuenti,
902 4167 1067 4220 commotus
1082 4159 1218 4238 inquam:
1241 4157 1310 4217 llo·

208 4259 326 4318 mulum
345 4256 547 4339 suauieidam,
569 4283 607 4324 ex
630 4283 690 4345 quo
711 4273 741 4326 et
763 4262 890 4324 Romani
908 4261 982 4324 dicti
1004 4271 1091 4340 sunt,
1110 4259 1312 4343 porniogeni-

244 4443 293 4511 16)
310 4444 350 4498 ΑΙ.
368 4445 459 4498 Aram.
477 4447 556 4500 Coa.
607 4448 656 4517 17)
674 4450 716 4502 Ea
734 4449 830 4502 Nieetn
851 4446 988 4512 clarinto,
1008 4447 1184 4516 Ouropolatu,
1201 4451 1226 4498 n
1245 4445 1310 4497 aliia

276 4519 365 4565 aotam
382 4522 429 4579 eat,
449 4515 560 4568 Grasnas
583 4533 675 4570 nomen
691 4521 865 4572 Ramaaomm
882 4518 932 4569 att
945 4519 1080 4585 proprium
1096 4517 1201 4583 saonae.
1239 4513 1310 4566 litae

271 4585 391 4648 suanm,
413 4591 442 4638 at
461 4584 618 4639 Graecorum
628 4589 752 4642 tonina
767 4605 860 4640 manen
876 4587 1052 4640 Romanarum
1068 4595 1124 4640 tom
1140 4584 1231 4636 lontio
1245 4587 1310 4650 sue-

202 4699 204 4703 .
277 4649 514 4776 {zssfflgzssm
532 4655 626 4711 ernest
643 4674 670 4711 ae
686 4661 752 4713 mter
770 4657 916 4723 Romanas,
933 4657 1043 4725 reliquus
1059 4673 1120 4711 nero
1137 4653 1248 4708 ueunoe
1261 4670 1311 4706 oa-
