2722 5272
216 709 291 786 430
559 719 597 790 C.
617 723 652 792 B.
675 720 792 790 nasu
811 723 965 794 NOTAE
1000 801 1001 804 ,

214 879 255 940 sd
268 877 429 956 origenem
450 883 502 950 70.
522 879 556 940 Β.
578 877 751 962 interrogor
766 879 841 963 ἔχων
861 875 954 948 stetu
973 881 1027 950 sis
1046 879 1264 968 ηἀατημὲνον·
1284 899 1312 952 st

214 967 320 1028 Petrus
340 965 457 1026 Siculus
476 965 608 1026 Historia
625 967 869 1028 Manichaeorum
888 975 940 1036 70.
957 970 992 1030 h.
1011 972 1112 1030 Potius
1129 983 1234 1033 tamen
1251 995 1310 1036 crs-

215 1051 302 1128 dam,
324 1052 453 1112 Leonem
468 1071 542 1111 vooe
557 1067 694 1132 perverse
709 1072 771 1112 esse
785 1053 897 1128 nsunt,¹
912 1074 1001 1134 quam
1017 1067 1193 1136 corruptam
1207 1080 1267 1118 esse
1280 1057 1325 1122 et*

213 1135 404 1218 aiaippupyov
419 1137 619 1200 scribendum.
660 1135 845 1220 ‘Tasppuxio
865 1148 961 1198 autem
982 1140 1041 1200 viri
1058 1142 1143 1202 docti
1161 1155 1244 1204 recte
1258 1146 1308 1204 mi-

199 1232 322 1284 rantur
344 1221 478 1280 construi
493 1241 562 1282 cum
577 1221 748 1282 scemativo
766 1243 784 1280 a
802 1223 935 1284 Lucisno
957 1225 1107 1288 flevivisc.
1125 1227 1150 1287 Ι.
1169 1229 1243 1294 593.
1259 1231 1308 1296 42.

213 1300 808 1453 :tltllt‘ltt‘lttt't'llllllt
820 1309 1307 1464 lultt'tltlth‘lllt

212 1475 269 1560 salv
283 1472 389 1558 κόμην
402 1473 458 1557 τήν
478 1475 703 1559 ὑποδεξαμένην
716 1474 772 1558 τήν
787 1414 970 1563 discessisse
982 1480 1034 1544 seul
1047 1441 1227 1560 φοΙᾶξαοαν
1239 1445 1306 1563 ἤτοΙ

213 1557 481 1645 ὑπερμαχήοαοαν·
503 1573 670 1624 extremum
691 1564 815 1628 verbum
835 1564 899 1622 sine
924 1565 989 1626 ullo
1018 1567 1143 1636 omnino
1167 1569 1307 1646 regimine

211 1649 424 1710 videturesse.
474 1649 548 1708 Cum
569 1647 671 1708 dativo
694 1648 806 1730 passim
834 1651 1019 1710 construitur
1043 1671 1112 1711 cnm
1135 1673 1153 1711 a
1177 1653 1305 1730 tragicis,

211 1743 278 1794 tum
291 1733 371 1813 apud
387 1734 497 1794 Patres.
530 1734 559 1793 S.
574 1733 701 1794 Basilius
717 1735 759 1794 De
772 1753 843 1794 vera
861 1734 1022 1811 virginitat.
1045 1735 1069 1797 I.
1087 1741 1158 1804 608.
1175 1739 1208 1796 C.
1221 1737 1305 1818 sinep-

212 1823 329 1900 μαχοῦν
346 1811 438 1904 αὐτῷ.
462 1820 489 1877 S.
504 1819 665 1898 Gregorius
678 1819 828 1898 Nyssenus
845 1819 880 1878 ln
895 1819 1051 1880 Canticum
1067 1821 1182 1882 Cantic.
1200 1823 1223 1882 l.
1237 1825 1304 1890 688.

211 1905 244 1968 Β.
269 1900 339 1978 τοὺς
360 1902 604 1986 ὑπερμαχοῦντος
622 1903 707 1985 ἡμῖν.
753 1904 844 1982 Apud
867 1903 992 1964 eundem
1015 1907 1244 1986 S.Cregoriu1n
1265 1917 1306 1968 est

215 1990 308 2049 octies
326 1989 462 2069 sequenti
474 1989 615 2066 genitivo,
636 1991 677 2050 lle
688 1987 750 2049 vita
763 1988 853 2048 Masis
865 1989 891 2050 Ι.
906 1997 976 2056 179.
991 1989 1070 2052 het
1085 1998 1158 2058 216.
1175 1993 1209 2052 D.
1231 1993 1305 2052 Con·

215 2085 264 2135 tra
277 2075 458 2134 Eunomium
478 2074 516 2134 ll.
540 2075 610 2141 142.
629 2075 659 2133 C.
686 2074 729 2132 De
750 2083 852 2134 saneta
873 2075 1020 2136 Trinitate
1040 2080 1112 2142 439.
1128 2078 1159 2136 C.
1184 2077 1221 2136 In
1239 2078 1305 2139 lau·

216 2159 284 2218 dem
301 2159 402 2218 fratris
421 2157 523 2217 Basilii
543 2163 614 2224 916.
635 2158 668 2220 Β.
697 2157 840 2218 Oratione
859 2160 977 2220 funebr.
995 2160 1032 2220 de
1045 2161 1169 2222 Placilla
1185 2166 1256 2228 981.
1271 2165 1304 2223 B.

217 2245 327 2304 Contra
344 2243 471 2302 Eunom.
486 2241 534 2302 ΙΙΙ.
558 2247 628 2309 126.
644 2243 678 2305 C.
697 2244 814 2310 st158.
830 2243 860 2306 C.
883 2254 918 2304 ut
934 2245 1010 2304 atleo
1032 2246 1182 2326 suspicari
1203 2249 1303 2327 possis,

101 2339 132 2394 It.
148 2340 200 2398 208
214 2329 283 2389 loco
298 2328 352 2386 illo
370 2327 524 2406 superiore
540 2326 676 2388 dativum
691 2348 791 2388 errore
806 2327 952 2388 librarioli
964 2330 1136 2410 irrepsisse..
1165 2332 1242 2392 Cum
1255 2354 1304 2412 ge·

212 2414 308 2475 nitivo
323 2413 482 2492 copuletur
496 2411 529 2470 in
542 2413 610 2472 loeo
622 2424 763 2494 corrupto
778 2413 903 2474 Concilii
912 2416 939 2472 N
941 2414 1033 2473 ioaeni
1045 2415 1069 2474 Ι.
1083 2416 1157 2482 424.
1173 2417 1211 2476 A.
1225 2423 1265 2502 τῇ
1275 2439 1304 2480 rs

213 2491 443 2650 tthlli‘l‘
456 2494 820 2662 'liiiii‘iiiiiiiil‘
833 2501 1002 2664 tiit?
1015 2493 1105 2644 ‘'t‘t
1117 2500 1305 2646 ”iiiiii

213 2669 333 2750 quidem
347 2607 535 2745 sex-ibiiult,
557 2609 602 2755 πρνῐ
615 2691 645 2732 τε
660 2665 738 2752 πρός
752 2608 877 2750 effigiet
890 2663 1107 2750 ὖπερμᾶχοναα.
1150 2672 1211 2732 Sed
1227 2671 1304 2751 quoi

213 2755 363 2836 sequitur,
386 2753 439 2816 nai
452 2758 506 2832 τῆς
520 2757 581 2816 τοῖν
595 2753 748 2830 ἐναντίων,
768 2754 839 2813 satis
854 2755 984 2814 ostendit
995 2753 1155 2832 legendum
1173 2777 1238 2816 esse
1254 2762 1305 2838 τῆς

210 2845 243 2904 ’τε
258 2836 331 2921 πρὸς
346 2837 434 2920 ἡμᾶς.
476 2841 630 2899 Praeterea
651 2839 759 2913 miror,
781 2838 925 2903 Harduin.
946 2839 1100 2920 scripsisse
1121 2836 1305 2924 ὖπερμᾶρον·

211 2950 265 3002 τα,
286 2944 362 3004 quae
383 2945 445 2986 vox
472 2933 515 2984 est
539 2923 640 3001 nihili,
661 2945 718 3005 pro
742 2921 985 3006 ὑπερμαχοῦντα,
1012 2944 1109 3004 neque
1137 2929 1305 3009 roppooiar

212 3019 342 3070 mutasse
358 3010 389 3068 in
405 3010 589 3090 συμμορίας,
611 3030 667 3069 nec
678 3013 733 3072 τοῦ
747 3011 847 3072 δοκεῖν
861 3011 893 3068 in
907 3014 949 3092 epi
966 3011 1076 3074 δοκεῖν.
1120 3011 1233 3072 Sensus
1249 3022 1305 3070 est:

213 3102 360 3174 quoniam
374 3095 423 3154 vir
439 3095 491 3152 ille
506 3115 562 3172 per
580 3094 806 3154 simulationem
823 3093 983 3154 videbatur
1000 3106 1123 3154 nervas
1145 3100 1306 3156 sententiae

213 3199 288 3257 esse,
306 3189 333 3235 et
344 3189 443 3236 samen
455 3199 514 3258 pro
533 3175 781 3238 adversariorum
788 3180 1070 3288 partitusforttser
1076 3182 1305 3262 propugnabat.

297 3265 377 3343 Peg·
398 3266 449 3330 39.
472 3264 527 3320 lin·
549 3269 579 3330 2.
600 3257 678 3327 ὅσον
691 3259 725 3327 ao*
746 3263 783 3326 ἐπ
816 3262 941 3349 ἐκείνῳ]
972 3265 1008 3324 ln
1032 3265 1142 3326 Codice
1158 3267 1305 3346 scriptum

131 3383 135 3388 -
214 3356 273 3424 est,
295 3342 369 3412 ὅσον
385 3351 444 3432 τῷ,
468 3367 638 3428 perperam:
660 3347 730 3408 vide
757 3369 830 3428 quae
859 3349 1028 3411 obseriavit
1048 3350 1096 3410 vir
1121 3353 1306 3412 acutissimus

214 3435 366 3510 Augustus
379 3431 521 3492 Matthiae
536 3433 699 3502 Grammat.
714 3433 816 3494 Graec.
833 3439 903 3504 282.
918 3436 952 3494 B.
979 3435 1053 3494 Nam
1075 3436 1157 3514 apud
1180 3437 1213 3498 S.
1233 3435 1306 3515 Epi-

213 3517 359 3601 phaniam
373 3518 523 3578 Ancorato
536 3518 572 3577 ΙΙ.
590 3519 639 3584 14.
657 3519 688 3578 C.
706 3519 816 3597 legitur
832 3521 949 3598 quidem
963 3519 1099 3580 similiter
1116 3517 1192 3584 ὅσον
1208 3525 1251 3608 τῷ
1264 3511 1315 3588 ἐπ’,

214 3598 387 3690 ἀνθρώπῳ,
407 3604 461 3664 sed
482 3603 525 3664 ibi
544 3623 663 3684 quoque
684 3599 717 3668 ei
736 3604 945 3682 corrigendum
969 3615 1030 3682 est,
1053 3605 1131 3665 sicut
1146 3607 1208 3666 iam
1227 3604 1305 3687 apud

158 3749 163 3762 .
217 3689 343 3750 eundem
357 3690 532 3770 impressum
549 3710 619 3749 cum
635 3688 705 3748 alibi
719 3698 802 3750 extat
823 3698 886 3749 ttun
901 3690 978 3762 libro
992 3691 1143 3751 Adversus
1156 3689 1270 3754 hiereo.
1284 3690 1305 3750 Ι.

188 3779 289 3841 8609·
309 3773 345 3837 Δ.
366 3771 439 3839 ’ὅσον
458 3770 492 3838 ri
508 3769 575 3837 κατ’
588 3767 690 3838 oiro'u.
722 3774 844 3834 Inverso
864 3775 970 3836 ordine
988 3773 1133 3854 Iosephus
1155 3775 1304 3856 antiquie

213 3859 326 3919 tudnie.
340 3862 411 3928 655.
425 3861 457 3920 C.
473 3855 508 3923 se*
523 3855 597 3924 ὅσον
610 3854 662 3924 isr’
673 3853 789 3933 αὐτοῖς·
812 3860 946 3920 Clemens
958 3859 1178 3920 Alexandrinus
1194 3862 1306 3930 adco-

212 3944 330 4004 nitione
344 3946 382 4004 aa
394 3954 473 4024 gent.
490 3951 540 4011 37.
558 3945 590 4006 C.
605 3943 638 4008 ri
651 3939 725 4009 ὅσον
737 3937 793 4023 ἐφ’
807 3941 906 4025 ὑμῖν·Χ
917 3955 947 4006 et
960 3945 1120 4023 Paedagog.
1135 3947 1209 4012 248.
1226 3947 1259 4006 C.
1273 3939 1305 4007 αδ

213 4023 289 4096 ὅσον
308 4023 359 4093 ἐπ’
390 4024 504 4104 αὐταῖς.
547 4031 639 4110 ldqus
657 4030 837 4090 adieetivum
860 4023 930 4104 ὅσος
955 4049 1023 4089 cuns
1045 4031 1248 4110 perelegantes
1274 4029 1307 4088 in

213 4114 1008 4280 {tlt‘lttttlltt‘ttll'tlsttltmtt
1018 4124 1136 4280 titt
1158 4135 1307 4260 titt.

213 4283 319 4364 phrasi
333 4280 408 4348 ὅσον
420 4277 494 4365 ἧκεν
507 4286 550 4360 εἰς
562 4283 630 4367 ἐμὲ,
652 4283 737 4367 qaod
751 4283 797 4344 od
812 4306 858 4344 ms
875 4287 998 4346 attinet:
1019 4303 1123 4364 quana,
1146 4285 1230 4364 apud
1249 4305 1307 4364 po·

215 4369 352 4430 steriores
371 4380 451 4432 certe
471 4370 648 4450 scriptores,
670 4370 872 4448 multomagis
888 4369 922 4429 in
941 4389 998 4430 usu
1012 4388 1075 4429 esse
1092 4369 1200 4446 video,
1222 4388 1307 4449 quana

215 4453 338 4514 alterans
356 4449 429 4518 ὅσον
443 4448 517 4535 ἧκεν
537 4450 587 4520 ἐπ’
599 4451 667 4536 ἐμὲ,
689 4457 727 4516 de
740 4477 798 4536 qua
813 4455 936 4534 Vigenss
956 4454 1120 4514 Hermanni
1136 4459 1208 4534 128.
1221 4457 1258 4514 A.
1280 4455 1307 4511 S.

214 4535 402 4618 Epiphanius
417 4541 569 4602 Adversus
587 4541 701 4604 haeres.
720 4541 853 4608 1.1083.
872 4541 906 4600 B.
923 4534 997 4604 ὅσον
1016 4538 1077 4621 μὲν
1090 4534 1148 4622 yolo
1169 4531 1246 4618 ἧκεν
1268 4537 1308 4611 eie

215 4619 268 4696 τόν
284 4619 416 4708 Κύριον,
432 4625 517 4706 quod
531 4624 577 4686 ad
589 4629 789 4690 Dominum
810 4636 896 4687 rotat.
921 4625 1065 4704 ,Synesius
1079 4624 1213 4704 Epistola
1228 4642 1306 4684 om.
1342 4649 1344 4655 ⁸

217 4708 290 4774 888.
306 4711 344 4772 Δ.
366 4703 433 4774 a'tt’
447 4707 522 4796 tyci,
542 4707 577 4776 ni
590 4734 625 4796 ys
641 4711 685 4788 εἰς
698 4709 750 4793 inl
787 4735 858 4788 κον,
877 4705 960 4806 ἅπαν
977 4715 1067 4778 ποιῶ.
1103 4708 1240 4782 isidorus
1255 4708 1309 4772 Pe-
