2730 5152
217 279 296 354 ιιι
463 373 469 382 ,
591 289 748 364 mons
767 291 1025 368 oncomv

53 461 81 510 Δ.
97 459 128 510 m.
144 455 214 522 6480
295 451 339 539 ρί.
368 443 545 537 Τηύὶκαῢτα
562 454 601 540 δὴ
623 455 675 520 καλ
694 455 729 522 αἶ
747 463 810 525 τῶν
827 451 1161 547 Ῥωμαίωνπυρφόρὶι
1181 407 1316 546 rpraeta

87 531 136 580 Μ
150 531 185 586 ¹⁵
215 554 379 642 μετὰτῶν
405 564 538 642 σιτηγῶν
555 561 735 645 πορθμείων
757 560 809 625 διὰ
833 566 890 626 τοῦ
907 560 1029 648 Ἴστρου
1056 559 1215 650 ἐφάνησαν
1234 563 1314 628 dvc-

215 659 380 734 πλέουσαν·
406 657 444 736 ἃς
461 657 604 744 Ῥωμαῖοι
623 663 680 743 μὲν
702 660 819 740 ἰδόντες
840 660 977 750 ἀρρήτου
995 671 1157 750 χαρμονῆς
1174 657 1314 749 ύπεπλῆ-

212 769 359 844 σθησαν,
387 759 517 839 Σκύθας
537 765 571 828 δὲ
598 765 666 839 δέος
689 763 773 851 ᾕρεε,
800 764 836 831 τὸ
858 763 1074 852 ε’πιφερόμενον
1091 765 1197 843 αὐτοῖς
1216 763 1313 854 ύγρδν

212 871 276 949 πῦρ
299 859 446 940 δεδιότας.
481 863 663 950 ἠκηκόεισαν
684 867 743 954 γάρ
765 867 842 954 πρὸς
862 876 925 934 τῶν
940 869 1122 956 γεραιτέρων
1142 876 1200 935 τοῦ
1221 876 1337 956 σφῶν5

212 963 341 1046 ἔθνους,
370 963 412 1043 ὡς
432 965 486 1032 τόν
506 965 711 1055 μυριύστολον
731 970 865 1056 στρατὸν
879 970 1033 1056 Ἲγγορος,
1061 979 1117 1037 τοῦ
1137 971 1193 1036 τὸν
1206 977 1312 1060 Σφεν-

183 1067 396 1151 Βδοσθλάβον
411 1067 567 1151 τεκόντος,
592 1069 735 1162 Ῥωμαῖοι
757 1081 801 1160 τῷ
822 1071 952 1161 τοιούτῳ
976 1075 1112 1162 Μηδικῷ
1136 1076 1210 1160 πυρί
1229 1073 1313 1142 κατὰ

73 1167 74 1170 “
210 1171 267 1236 τόν
281 1170 423 1248 Εύξεινον
436 1173 653 1261 ἓξετέφρωσαν.
688 1177 829 1242 έντεῦθεν
844 1180 965 1262 σπονδῇ
984 1176 1024 1242 τὰ
1041 1174 1159 1242 ἑαυτῶν
1173 1199 1310 1262 συναγα-

211 1270 315 1359 γόντες
338 1271 465 1355 ἀκάτια,
499 1276 559 1363 πρὸ
589 1284 644 1344 τού
666 1277 830 1364 περιβόλου
851 1285 907 1344 τοῦ
935 1277 1044 1355 άστεος
1067 1281 1224 1360 εἵλκυσαν,
1253 1280 1310 1344 ἵνα

143 1381 153 1398 “
211 1376 394 1468 παραρρέων
419 1375 572 1464 δ’ίστρος
599 1380 635 1445 τό
660 1379 796 1468 θάτερον
826 1387 883 1448 τοῦ
911 1379 1114 1468 Δοροστόλογ
1141 1379 1352 1470 περικλύζειλο

211 1477 351 1564 πλευρόν.
384 1488 485 1560 ταῦτα
507 1482 539 1547 αἲ
555 1479 708 1570 πυρφόροι
726 1491 795 1567 νῆες
814 1481 965 1549 κυκλόθεν
986 1482 1158 1571 ἐφρούρουν
1164 1533 1176 1564 ,
1205 1480 1248 1559 ὥς
1263 1484 1308 1568 με)

211 1581 256 1666 είη
272 1580 413 1659 Σκύθαις
424 1581 492 1648 ε’νόν
499 1634 510 1664 ,
534 1585 636 1650 αὐτῶν
650 1585 879 1668 ίπιβεβηκόσιν,
908 1588 955 1652 ἐπὶ
975 1587 1032 1670 τὴν
1049 1593 1138 1674 σφῶν
1153 1585 1309 1667 ἀνασώζε-

211 1691 289 1749 σθαι
303 1692 368 1770 γῆν.
402 1692 441 1773 τῇ
455 1688 489 1750 δὲ
501 1683 647 1776 ύστεραίρ
662 1683 895 1772 Ταοροσκύθαι,
923 1693 980 1752 τοῦ
994 1687 1101 1763 άστεος
1113 1687 1305 1769 ύπεκδύντες,

209 1788 289 1852 κατὰ
304 1788 339 1852 τὸ
352 1791 455 1854 πεδίον
470 1785 615 1864 ίτάξαντο
622 1836 632 1866 ,
660 1791 834 1871 ποδηνεκεῖς
849 1789 982 1875 θυρεούς
996 1788 1241 1876 προβαλλόμενοι
1256 1793 1308 1856 καί

208 1888 358 1976 θώρακας
373 1887 591 1980 ἁλυσιδωτούς.
622 1887 766 1972 Ῥωμαῖοι
782 1893 879 1956 δὲκαὶ
894 1891 981 1956 adrui
996 1899 1052 1956 τοῦ
1063 1879 1202 1980 χάρακος
1215 1889 1306 1972 ύπεξ·
1314 1907 1348 1960 15

42 2003 96 2060 Pol.
111 2007 164 2064 312
180 1987 302 2078 ιηἐσαν
324 1992 355 2067 ἒς
376 1992 412 2057 τό
435 1991 556 2079 ἀκριβὲς
579 1994 857 2079 τεθωρακισμένοι·
892 1997 943 2059 καὶ
970 2002 1124 2082 καρτερῶς
1148 1994 1243 2082 άμφω
1265 1995 1307 2062 τά

179 2095 285 2180 ομίρη
306 2097 535 2180 διηγωνίζοντο,
562 2097 612 2160 καλ
634 2094 837 2182 άμφίδοξοςῆ
856 2097 923 2182 νίκη
943 2095 1055 2179 έδόκει,
1084 2096 1193 2164 άλλοτε
1206 2098 1307 2164 θατέ-

205 2223 261 2285 ρου
273 2197 386 2284 μέρους
403 2198 572 2274 ὠθοῦντος.
608 2199 670 2264 έπελ
684 2200 720 2264 δέ
723 2225 779 2276 τις
789 2197 947 2282 Ῥωμαίων
961 2207 1017 2286 τῆς
1033 2197 1192 2287 φάλαγγος
1205 2200 1306 2289 dnod-

141 2303 143 2308 ’
204 2300 306 2389 ῥαγείς
325 2301 379 2366 τόν
400 2301 479 2384 μετδ
493 2299 760 2390 Σφενδοσθλάβον
779 2305 883 2389 τρίτον
898 2301 983 2390 παρὰ
1001 2301 1241 2389 Ίῖανροσκύθαις
1256 2329 1306 2368 τι-

202 2402 344 2486 μώμενον
372 2405 560 2492 Σφέγκελον,
588 2403 732 2487 ἐκθύμως
758 2403 828 2470 τότε
857 2403 1123 2490 διαγωνιζόμενον,
1151 2404 1347 2490 somata-ao

174 2545 179 2559 ι
203 2529 303 2588 τισεν,
332 2506 432 2592 ἄνδρα
451 2503 621 2593 γιγαντιόδη
644 2510 696 2571 καί
716 2504 871 2572 νεανικόν·
899 2510 947 2571 dul
968 2515 1013 2596 τῷ
1029 2505 1141 2594 τούτου
1159 2507 1306 2591 πτώματι

206 2610 465 2696 διαταραχθέντες
488 2605 712 2696 Ταυροσκύθαι
730 2607 833 2694 βάδην
849 2616 905 2676 τού
921 2613 1026 2676 πεδίου
1045 2607 1233 2678 δπενύστουν
1251 2614 1305 2676 καλ

204 2711 282 2798 πρὸς
296 2712 331 2778 τό
346 2711 424 2777 άστο
439 2711 608 2798 ἠπείγοντο.
642 2719 810 2796 τηνικαῦτα
829 2715 880 2777 καὶ
898 2710 1077 2800 Θεόδωρος,
1106 2710 1122 2778 ὁ
1137 2713 1196 2798 τὴν
1211 2739 1305 2778 κατε-

205 2811 366 2898 ττωνυμίαν
385 2812 565 2899 Λαλάκων,
599 2814 678 2902 ἀνὴρ
700 2811 780 2880 κατά
795 2840 827 2880 τε
849 2814 945 2900 ἀλκὴν
962 2817 1014 2881 καὶ
1031 2813 1174 2899 σώματος
1193 2813 1303 2904 ῥύμην

274 2943 318 3000 1³.
340 2939 456 3017 ύοτερίηι
472 2942 529 2996 cod.
596 2945 640 2999 21.
663 2941 721 2999 ἐπεί
733 2941 765 2999 cd
780 2940 883 3000 τούτου
895 2940 1022 3014 ατάματι
1039 2943 1098 3000 cod·

272 3049 299 3102 2.
317 3047 416 3100 Eodem
437 3052 552 3115 tempore
570 3045 691 3099 triremes
708 3033 835 3115 igniferae
853 3049 1022 3102 Rommrurn
1041 3064 1099 3101 cum
1120 3045 1230 3100 navibus
1243 3045 1302 3098 fru-

203 3118 335 3171 mentariis
356 3118 464 3169 adverso
476 3117 543 3167 Istro
567 3115 753 3184 adnavigantes
772 3117 1009 3186 conspiciebantur:
1027 3125 1091 3186 q'uas
1109 3117 1189 3170 nostri
1208 3116 1303 3168 videu-

204 3195 246 3240 tes
257 3186 402 3240 incredibili
414 3193 473 3238 aunt
486 3184 585 3237 laetitia
599 3185 698 3249 affecti,
716 3203 764 3239 nec
776 3187 857 3238 minua
869 3187 983 3256 Scytbue
994 3187 1155 3256 perturbati,
1171 3184 1238 3254 quod
1252 3185 1301 3237 im-

202 3255 312 3326 positum
325 3255 433 3308 naribus
444 3253 572 3308 madidum
590 3253 675 3324 ignem
688 3257 852 3308 verebantur.
886 3257 1027 3308 Audierant
1042 3255 1108 3307 enim
1127 3272 1144 3308 a
1161 3253 1301 3305 maioribus

202 3331 263 3378 natu
283 3326 386 3394 gentis,
413 3323 621 3394 quemadmodum
641 3325 771 3376 maximam
789 3324 896 3378 classem
914 3325 1029 3393 lngoris,
1054 3322 1137 3392 patris
1161 3321 1300 3394 Sphendo-

200 3393 310 3458 stblabi,
327 3394 437 3447 Romani
455 3395 544 3448 eodem
556 3391 658 3444 Medico
670 3393 731 3462 igue
743 3393 770 3445 in
783 3393 865 3446 Ponto
878 3395 1081 3458 combussissent.
1116 3391 1158 3443 lta
1177 3389 1301 3444 celeriter

200 3459 349 3518 lenunculus
367 3477 428 3516 suos
446 3469 591 3516 contractos
612 3469 672 3514 ante
691 3480 774 3514 murus
793 3462 881 3533 oppidi
898 3462 1091 3524 subduxerunt,
1118 3477 1169 3529 qua
1181 3467 1301 3528 praeter-

200 3529 282 3582 fluens
296 3531 364 3583 ister
379 3532 485 3586 alterum
500 3533 567 3584 latus
581 3529 713 3600 Dorystoli
727 3529 807 3583 alluit.
841 3531 953 3584 Eosdem
964 3529 1089 3600 igniferae
1103 3536 1207 3582 nostrae
1220 3545 1301 3581 nares

200 3598 365 3652 circumcirca
383 3602 573 3665 observabant,
591 3617 623 3652 ne
636 3600 742 3682 Scythis
760 3599 871 3654 facultas
883 3601 1003 3662 daretur,
1021 3596 1166 3652 conscensis
1185 3597 1300 3666 scaphis,

199 3665 228 3718 in
249 3683 320 3720 suam
341 3685 370 3720 ae
386 3669 517 3738 regionem
536 3667 687 3738 recipienda.
722 3669 832 3722 Postero
849 3670 892 3723 die
914 3669 1126 3737 Tauroscythae,
1149 3683 1183 3718 er
1201 3665 1298 3749 oppido

199 3735 1299 3876 {titiis‘imsull‘itlsiimltffltuillustratis

82 3917 83 3920 ,
198 3881 227 3926 et
237 3874 332 3928 acriter
350 3875 478 3944 utrimque
495 3882 633 3946 pugnatum
646 3883 700 3939 est,
717 3875 817 3930 incerta
832 3875 960 3938 victoria,
977 3874 1058 3928 altero
1071 3871 1180 3926 alterum
1193 3871 1298 3942 propel-

198 3941 276 3997 lente.
312 3943 366 3996 Ubi
378 3960 441 3996 τετυ
453 3945 624 3998 Romanorum
637 3943 728 4014 aliquis
740 3963 774 3998 ex
791 3945 918 4015 phalange
942 3959 1095 4012 procurrens
1114 3941 1296 4010 Sphcncolom¹

199 4014 246 4081 qui
265 4013 344 4066 teatin
362 4021 422 4082 post
442 4013 693 4084 Sphendosthlabmn
712 4013 768 4067 loco
790 4030 806 4066 a
826 4013 1013 4082 Tauroscytbis
1034 4012 1221 4072 honorabatur,
1239 4009 1298 4062 ani-

198 4097 268 4136 mose
282 4091 343 4136 tunc
361 4083 526 4152 praeliantem
543 4083 665 4147 confixit,
681 4082 763 4135 sirum
783 4087 855 4135 vasto
873 4099 980 4150 corpore
1003 4087 1031 4134 et
1050 4079 1157 4132 audacia
1175 4077 1296 4132 iuvenilis

199 4149 274 4205 buius
287 4170 350 4206 casu
369 4153 515 4236 perturbati
527 4151 721 4220 Tauroscythae
740 4169 755 4203 e
774 4150 881 4220 planitie
893 4151 984 4220 pedem
994 4151 1107 4212 referre,
1125 4148 1204 4217 inqua
1217 4145 1297 4268 opp:-
1348 4215 1350 4222 Ι

201 4219 261 4274 dum
278 4241 307 4275 sa
326 4239 444 4292 recipere
462 4229 609 4292 coeperunt.
650 4219 750 4288 Eodem
768 4219 865 4289 praelio
882 4219 1037 4274 Theodorus
1057 4225 1223 4286 cognomento
1282 4241 1296 4253 -

191 4289 276 4358 laco,
299 4293 374 4348 hono
391 4293 424 4346 ob
440 4292 520 4347 robur
539 4288 670 4363 corporis,
693 4287 763 4363 quod
779 4305 900 4346 summum
910 4295 968 4346 erat
983 4289 1012 4344 ia
1025 4287 1084 4354 illo,
1099 4283 1253 4342 metuendus
1269 4286 1296 4336 et
