2722 5272
175 745 250 822 560
471 751 735 825 LUITPRANDI
760 751 958 824 LEGATIO
1071 788 1075 798 =

175 923 267 976 emm
286 931 369 973 none
385 909 453 972 dieo
474 931 608 989 omnem,
631 932 707 992 qnae
720 911 775 974 rub
795 922 897 974 rutro
912 913 1040 994 Imperio
1052 920 1114 985 eet,
1134 921 1268 990 gentem:

176 1027 264 1096 etque
281 1015 395 1076 utinam
412 1033 517 1074 verum
535 1015 592 1090 eit,
612 1015 694 1094 quod
710 1015 748 1075 de
765 1015 968 1096 prementibus
982 1015 1101 1096 scripsit
1114 1015 1173 1075 iete
1188 1025 1268 1076 tem-

174 1118 307 1202 poribus.
349 1116 467 1176 Caetera
473 1159 483 1193 ,
511 1124 547 1175 ut
559 1117 692 1198 emipeit,
714 1126 785 1178 eunt
798 1116 964 1198 usquehuc
982 1118 1140 1198 complete,
1160 1137 1268 1195 qnem-

176 1219 336 1280 admodum
359 1237 413 1298 per
441 1217 541 1298 ipeoe,
579 1220 633 1298 qui
655 1219 765 1281 horum
785 1220 931 1280 librorum
958 1219 1115 1280 scientiam
1145 1217 1267 1296 hebent,

176 1322 290 1384 rudivi:
312 1332 345 1384 et
358 1339 397 1379 ex
417 1319 519 1378 multie
534 1319 598 1381 eine
615 1323 704 1383 dictio
717 1343 813 1384 unum
828 1324 861 1384 id
881 1325 1067 1406 proferemus
1080 1321 1114 1380 in
1126 1319 1268 1380 medium.

175 1423 227 1486 Ait
244 1425 323 1482 enim
337 1443 420 1484 nuno
435 1427 617 1505 completum
630 1425 880 1506 irieoeipturem,
902 1445 978 1504 quee
996 1423 1089 1484 dieite
1108 1419 1196 1484 nem
1214 1420 1268 1484 eet

175 1517 307 1605 σκύμνος
326 1521 538 1604 ὀμοδιόζουσιν
573 1523 703 1610 ὅναγρον
724 1527 909 1604 Graeceio,
935 1527 1073 1587 Letinum
1088 1533 1186 1584 eutem
1204 1522 1267 1582 aio:

173 1624 233 1685 Leo
256 1635 287 1686 et
306 1625 425 1688 Cetulue
446 1628 538 1690 timul
560 1628 800 1688 exterminabunt
819 1649 979 1708 onegrum‚
1007 1627 1091 1688 enine
1114 1627 1269 1705 interpre-

174 1726 250 1786 tetio
262 1727 425 1804 seeundum
440 1729 587 1790 Graecor:
607 1730 671 1806 loo,
692 1731 725 1790 id
737 1740 781 1792 eet
791 1731 993 1790 Romenorum
1006 1730 1068 1790 eive
1085 1727 1269 1786 Graecorum

147 1827 355 1908 Blmperetor,
376 1837 406 1888 et
426 1829 548 1889 Cetulue
567 1829 753 1892 Francorum
773 1833 887 1892 ecilioet
902 1833 984 1909 llex,
1004 1831 1093 1892 timul
1110 1831 1159 1891 hie
1176 1851 1271 1913 prae-

174 1931 305 1992 nutibus
319 1929 501 2010 temporibus
516 1933 758 1994 exterminebunt
772 1953 925 2012 onagrum,
946 1934 978 1992 id
993 1943 1037 1992 eet
1050 1936 1270 1993 Seraoenorum

174 2033 284 2110 Regem
294 2031 478 2096 Africanum.
521 2033 605 2107 Quee
617 2033 822 2116 interpretatio
842 2055 876 2094 eo
891 2033 967 2094 milri
976 2053 1046 2094 vere
1059 2053 1122 2092 non
1135 2033 1270 2110 videtur,

176 2133 318 2215 quoniam
331 2134 389 2193 leo
412 2144 443 2194 et
460 2133 598 2212 Catulus,
620 2137 755 2216 quemvie
775 2136 901 2216 ‹lioparie
927 2133 1155 2214 magnitudinis,
1175 2135 1269 2194 moine

175 2246 275 2296 temen
289 2245 359 2296 eunt
373 2245 514 2314 naturae,
536 2245 567 2296 et
580 2238 707 2316 operiri,
727 2258 779 2298 een
795 2237 904 2299 morire
925 2247 1029 2317 etque,
1049 2244 1085 2296 ut
1105 2232 1180 2293 milri
1198 2253 1271 2294 mee

174 2335 299 2396 seientia
311 2338 459 2416 suggerit,
479 2339 507 2398 ei
523 2338 570 2398 leo
588 2339 772 2400 Graecorum
780 2339 963 2419 Imperator,
984 2336 1197 2398 inconveniens
1210 2345 1270 2412 eet,

174 2446 211 2498 ut
233 2438 348 2498 cetulue
367 2440 408 2499 eit
425 2439 608 2502 Francorum
631 2441 713 2502 liene
736 2441 873 2521 quemvie
892 2439 971 2500 enim
994 2439 1112 2524 utrique
1131 2436 1271 2496 hominen

174 2538 251 2616 eint,
277 2540 355 2601 nient
374 2541 422 2602 leo
449 2551 479 2604 et
498 2543 615 2606 eeluluo
638 2550 765 2621 uterque
778 2541 930 2618 animalia3
953 2539 1064 2600 dieunt
1083 2549 1182 2598 temen
1197 2559 1271 2598 mo-

173 2641 257 2702 ribus
277 2652 394 2704 tentum
401 2687 411 2721 ,
431 2665 493 2704 non
511 2645 578 2705 dico
598 2644 698 2704 eolum
718 2652 865 2724 quantum
888 2641 1001 2722 epeoiee
1023 2641 1194 2720 speciebus,
1215 2639 1272 2700 ned

148 2749 172 2804 c
178 2755 322 2824 quantum
330 2746 478 2806 eeneibilie
489 2745 720 2808 inreneibilibue.
762 2744 883 2806 Catulos
896 2763 916 2800 a
927 2742 1013 2803 leone
1022 2743 1068 2802 nil
1079 2742 1139 2802 nisi
1152 2751 1272 2821 tempo-

172 2865 207 2905 re
219 2846 326 2924 dietat,
348 2849 446 2908 forme
466 2848 583 2926 eedem,
602 2848 698 2908 rebiee
720 2866 800 2924 une,
820 2843 935 2923 rugitus
951 2843 1041 2904 idem.
1085 2843 1270 2902 Graecorum

123 2995 128 3002 .
172 2945 238 3004 Rex
254 2948 395 3025 crinitae,
417 2948 584 3026 tunicelue,
604 2935 784 3024 munientur,
804 2946 986 3020 teristratus,
1005 2945 1152 3022 mendox,
1179 2943 1270 3004 dolo-

173 3064 243 3120 eue,
265 3046 491 3124 immisericors,
510 3048 670 3128 vulpinne,
697 3047 861 3128 euperbue,
883 3044 957 3106 soleo
979 3042 1117 3122 humilio,
1144 3064 1269 3126 parone,

176 3145 320 3226 cupidus,
341 3149 428 3225 ollio,
449 3169 537 3228 cepe,
560 3159 591 3208 et
606 3147 705 3230 pon-ie
718 3167 857 3224 emnem,
877 3145 982 3204 balnea
993 3145 1111 3206 bibente
1132 3148 1270 3208 Franco-

59 3235 61 3242 '
171 3267 241 3308 rum
257 3249 322 3306 Rex
345 3259 448 3310 contra
464 3249 594 3330 pulchre
605 3260 741 3326 tomues
757 3270 775 3307 e
787 3247 927 3308 muliebri
939 3248 1051 3308 vertitu
1068 3259 1149 3310 verte
1164 3249 1270 3312 diver-

173 3368 242 3426 eue,
263 3349 407 3430 pileatus,
429 3372 537 3430 verax,
558 3353 604 3414 nil
618 3352 681 3412 doli
693 3350 822 3424 habene,
843 3350 913 3409 rotie
927 3349 980 3408 ubi
993 3351 1136 3432 competit
1146 3351 1270 3414 mireri-

172 3469 260 3528 core,
282 3471 403 3512 severus
416 3454 469 3514 ubi
486 3463 621 3534 oportet:
643 3473 760 3535 eemper
776 3473 845 3514 vere
863 3451 1002 3530 humilia,
1022 3472 1174 3532 nunquam
1191 3475 1270 3536 par-

38 3543 49 3574 ''
172 3573 242 3631 cue,
264 3575 328 3614 non
350 3555 436 3631 ellio,
458 3555 556 3636 cepio,
576 3555 679 3638 porris
701 3575 838 3632 veeoena,
859 3564 895 3614 ut
914 3554 1012 3634 poerit
1031 3554 1206 3616 enimelibue
1229 3577 1266 3618 eo

95 3645 109 3652 ⁶
170 3676 309 3737 parcere,
333 3667 480 3736 quotenne
508 3679 571 3719 non
594 3658 796 3735 manducatis,
818 3656 870 3716 red
899 3655 1077 3717 venundatio
1105 3659 1269 3738 pecuniam

49 3825 62 3850 ³
172 3767 337 3836 congreget⁶
379 3759 514 3821 Audietie
539 3760 755 3838 differentiam,
776 3759 870 3820 nolite
886 3757 965 3820 tenc
987 3757 1268 3839 interpretationem

172 3859 337 3939 euecipere:
360 3871 412 3920 eut
433 3864 512 3924 enim
530 3864 631 3924 lutura
648 3872 708 3940 eet,
730 3871 782 3920 aut
793 3860 868 3920 heeo
881 3879 953 3920 vere
968 3880 1029 3920 non
1043 3870 1100 3922 eet:
1122 3862 1267 3944 impoeni-

171 3960 231 4018 bile
246 3969 290 4020 eet
302 3961 397 4038 enim,
421 3974 455 4023 ot
468 3963 670 4044 Nicephorne,
692 3963 771 4024 sicut
783 3963 841 4044 ipai
858 3962 1061 4040 mentiuntur,
1086 3964 1126 4024 eit
1138 3965 1214 4042 Leo,
1236 3973 1268 4026 et

145 4061 251 4122 noeto
273 4061 312 4122 eit
338 4063 476 4142 Catulue‚
498 4067 551 4146 qui
573 4065 661 4126 eimul
685 4065 883 4125 exterminent
908 4064 1046 4144 aliquem.
1086 4065 1165 4126 Ante
1186 4065 1268 4126 enim

91 4231 104 4254 ι
169 4164 329 4245 pererratis
350 4165 505 4226 amborum
526 4167 655 4245 linibus,
683 4166 771 4242 exul,
806 4175 859 4228 eut
880 4164 1000 4227 Ararim
1023 4166 1152 4226 Perthne
1172 4166 1267 4246 bibet,

169 4275 222 4326 eut
244 4265 401 4326 Germeuie
419 4268 540 4346 Tigrim,
563 4289 652 4348 quem
664 4267 851 4350 Nicephorue
872 4276 902 4327 et
922 4268 994 4328 Otto
1009 4268 1137 4326 emican
1159 4274 1270 4330 coeant

170 4376 201 4426 et
214 4367 334 4428 foedere
346 4367 478 4446 iungunt.
507 4367 643 4430 Audistis
662 4372 861 4448 Graecorum,
883 4370 983 4430 eudlte
995 4389 1076 4430 nune
1088 4370 1267 4451 Lnitprendi

168 4465 374 4529 Cremonemie
392 4469 533 4550 Episcopi
546 4471 836 4554 interpretationem:
859 4469 927 4533 dieo
940 4481 1056 4548 eutem,
1077 4479 1108 4530 et
1125 4492 1188 4533 non
1210 4493 1265 4532 eo-

168 4583 234 4644 1nm
256 4569 342 4647 dieo,
363 4571 414 4632 red
437 4570 570 4648 ellirmo,
592 4571 618 4632 ei
642 4573 793 4654 scripture
820 4572 894 4634 lneo
913 4571 1121 4655 praesentibus
1140 4584 1185 4634 eet
1203 4573 1266 4633 im-

168 4669 279 4751 plendo
305 4671 506 4754 temporibue,
529 4672 585 4735 Leo
608 4684 639 4736 et
659 4675 796 4758 Catetloe,
822 4683 924 4759 peter,
945 4685 976 4754 et
997 4673 1096 4754 lilim,
1117 4673 1208 4756 Otto,
1232 4683 1265 4736 et
1314 4737 1317 4742 .
