2730 5272
184 756 262 836 604
534 765 571 836 C'.
592 767 630 836 Β.
653 761 768 836 HASII
787 763 940 834 NOTAE
1012 769 1014 774 ’

185 909 304 1005 θοντο,
315 918 391 1006 etat
403 919 441 988 ed
453 918 578 988 τοιοῦτο
590 917 715 1007 πράξειν
726 929 818 1010 κοινῇ
829 915 940 998 πάντες
950 919 1188 1002 ἐπεψηφίσαντο.
1221 920 1287 983 Ka

189 1009 317 1100 ἀπῄειν,
344 1013 397 1074 ‘e'va
413 1006 450 1072 cd
466 1009 595 1092 ἡμέτερα
613 1014 755 1086 σωθῶσι,
785 1009 837 1074 nai
852 1008 988 1088 ἐνέτυχον
1009 1003 1091 1093 αὐτῷ
1109 1005 1152 1080 ae
1168 1001 1285 1082 εὔξαιτ’

188 1094 228 1162 ὃν
242 1091 367 1178 μάλιστά
380 1119 434 1170 τις.
463 1096 535 1172 Καὶ,
551 1091 734 1169 actionario
749 1094 781 1157 ἒν
797 1097 903 1176 βραχεῖ
921 1089 995 1201 λότῳ
1009 1097 1073 1156 πᾶν
1088 1087 1289 1172 ουμπεράνας

163 1177 291 1268 Badrqi,
314 1181 427 1255 ἐκεῖνος
446 1178 501 1261 μὲν
519 1176 632 1252 παντός
645 1185 757 1260 μᾶλλον
772 1181 800 1256 *)
819 1181 920 1258 μεῖζον
930 1201 964 1241 το
978 1181 1101 1260 πρᾶγμα
1121 1177 1285 1258 ἐλογίσατο,

188 1263 256 1350 ἐμοὶ
276 1264 310 1330 δὲ
325 1263 382 1345 τήν
399 1271 462 1329 τοῖν
482 1260 655 1345 Κλημᾶοων
678 1259 774 1344 dexia
797 1257 890 1338 αὖθις
910 1257 1047 1343 ἁσμένως
1065 1266 1167 1325 πᾶσαν
1187 1261 1283 1337 idaeo,

188 1353 242 1417 nai
258 1351 430 1433 προσέθηκε
443 1351 494 1414 nai
508 1351 690 1426 amoenetur
706 1346 796 1430 ὅλην,
818 1349 850 1411 ἔν
861 1369 893 1410 ee
904 1353 945 1433 γῇ
957 1351 995 1431 τῇ
1006 1343 1100 1410 adacei
1112 1341 1288 1428 προσόδους

188 1437 337 1511 ἐπετείους
353 1433 459 1510 ἱκανὰς
474 1429 654 1514 ἐδωρήσατο.
691 1434 728 1494 Η.
744 1454 768 1494 e.
788 1433 885 1514 quue
893 1453 1021 1513 propere
1034 1443 1061 1490 et
1074 1435 1285 1491 instauratum

181 1526 301 1603 fuerat,
312 1533 344 1580 et
352 1523 442 1597 foeea
454 1523 737 1580 circummunitam:
752 1539 876 1598 unaque
887 1539 955 1576 cum
963 1518 1035 1576 liic*
1045 1517 1159 1576 beilum
1165 1537 1285 1596 quoque

189 1609 308 1686 incepit.
343 1608 492 1666 Divieum
516 1616 582 1664 erat
597 1627 655 1684 per
674 1607 868 1685 cognationes
891 1603 1067 1678 castellum,
1095 1623 1202 1682 reeque
1215 1623 1290 1681 pre=·

188 1695 324 1752 tioeioree
345 1693 377 1748 in
402 1711 434 1749 eo
456 1690 625 1772 depoeitae:
647 1693 750 1749 minue
771 1692 1054 1749 ruceeeariaeextra
1065 1688 1285 1767 per-reliquum

182 1771 295 1858 ¹oppidi
306 1775 456 1834 ambitum
471 1787 557 1838 erant
574 1777 748 1834 collocatae.
790 1775 1003 1834 Habitabatur
1023 1776 1104 1831 enim
1118 1783 1193 1830 tunc
1211 1772 1289 1830 urbe

188 1865 253 1924 iam
263 1871 344 1920 tota:
361 1863 518 1920 caetellum
533 1871 635 1926 autern
644 1872 869 1940 praeparatum
877 1861 998 1937 fuerat,
1009 1870 1046 1916 ut
1062 1859 1097 1915 in
1110 1877 1222 1937 magno
1233 1877 1286 1936 pe-

188 1947 287 2014 riculo
299 1946 387 2006 nobie
402 1948 499 2006 eaiuti
511 1958 592 2005 eeeet.
634 1945 679 2010 At
692 1946 819 2006 barbari
828 1957 909 2022 tunc,
926 1945 1035 2004 multie
1044 1961 1172 2001 euorum
1186 1945 1286 2000 ancie-

189 2035 253 2108 sie,
276 2051 347 2092 cum
361 2033 534 2111 ignominia
549 2043 641 2091 noctu
657 2042 847 2106 receeeerunt,
870 2041 988 2088 eeraato
1008 2027 1166 2089 diluculo:
1183 2029 1285 2106 primo

188 2123 277 2176 mane
291 2137 344 2196 ego
350 2117 468 2195 praelii
480 2114 613 2194 cupidae
626 2118 731 2193 copiae
742 2126 849 2174 contra
865 2113 964 2176 eduxi.
1005 2115 1108 2174 Erant
1122 2111 1287 2170 miltituno

188 2205 304 2280 equites
316 2201 416 2279 paulo
426 2201 533 2278 pluree
548 2221 644 2279 quam
658 2210 778 2258 centum
786 2245 793 2276 ,
811 2197 990 2276 funditoree
1005 2210 1033 2257 et
1047 2199 1210 2277 eagittarii
1228 2217 1304 2254 eu·-

182 2306 246 2374 pra
263 2285 323 2345 00.
337 2284 476 2342 Barbari
490 2305 560 2342 cum
573 2305 727 2364 nuequam
741 2296 929 2365 apparerent,
939 2305 1020 2365 quae
1032 2294 1109 2364 apta
1122 2282 1195 2340 leuia
1208 2293 1289 2340 tem-
1329 2279 1330 2284 '

184 2373 258 2458 pori
277 2380 372 2430 eeeent
391 2389 420 2426 a·
431 2389 488 2428 me
500 2367 654 2429 aedornata
672 2381 774 2446 eunt,‘
790 2365 900 2432 murae
921 2382 1007 2428 uetere
1028 2379 1158 2444 erectae,
1188 2365 1288 2426 edocti

190 2458 266 2531 mei,
289 2451 532 2535 quomodorecte
550 2458 779 2514 ee-inetruerent
799 2454 845 2514 ad
862 2455 981 2514 bellum.
1022 2455 1087 2512 Eae
1106 2463 1211 2512 autem
1230 2449 1290 2532 qui

187 2539 317 2602 ditionie
328 2551 449 2600 noetrae
459 2551 553 2617 erant,
569 2544 694 2600 nunciie
708 2543 823 2600 cureim
839 2543 942 2598 miecio
957 2541 1111 2614 arceeeioi,
1134 2537 1171 2596 de
1184 2558 1290 2596 rerum

188 2647 310 2684 eumma
325 2628 359 2684 in
371 2626 532 2684 concilium
547 2627 716 2685 ircuolene.
759 2623 898 2705 Undique
912 2647 981 2686 curn
994 2622 1198 2699 aduenieeent,
1213 2643 1289 2682 oon·

190 2715 273 2770 aione
288 2714 470 2790 optimatum
486 2721 610 2785 coacta,
632 2731 710 2790 qnae
722 2720 797 2769 tunc
813 2731 866 2789 ego
879 2731 1026 2769 eermonee
1038 2709 1209 2783 habuerim,
1232 2709 1290 2788 qai
1337 2753 1345 2768 .

190 2793 307 2862 domini
315 2798 523 2877 potiueeeeent
534 2795 696 2876 expetendi,
708 2793 837 2876 adquae
845 2799 944 2856 venire
952 2815 1104 2874 quamque
1116 2793 1290 2852 commodi-

190 2892 283 2939 tatem
296 2884 403 2940 conari
415 2892 560 2960 oporteret
571 2880 611 2939 ab
625 2881 691 2939 illie
696 2885 856 2960 percipere,
877 2880 954 2960 quid
967 2879 1096 2959 denique
1098 2877 1289 2956 faciendum

190 2977 281 3041 eeeet,
303 2977 331 3024 et
349 2977 465 3025 caetera
484 2970 627 3026 univer-ea
644 2977 718 3025 tuno
739 2987 760 3024 a
781 2987 827 3024 me
849 2963 949 3043 dicta,
979 2985 1059 3046 quae
1080 2967 1145 3044 ipee
1166 2985 1288 3044 quoque

188 3051 473 3130 reliquieomnibue
483 3051 721 3130 praeetabiliora
745 3048 915 3128 duaieeem,
946 3053 1074 3130 longum
1094 3060 1139 3107 eet
1160 3051 1289 3130 cingula

189 3133 296 3193 ordine
313 3133 410 3193 dicere
422 3135 505 3194 uelle.
549 3135 618 3212 Illi,
640 3157 694 3194 eeu
710 3135 796 3215 quod
814 3157 972 3216 nunquam
991 3135 1209 3194 benevolentiae
1222 3135 1302 3194 lm·-

184 3221 511 3300 peratoriaefructum
522 3221 624 3278 ullum
639 3223 791 3299 cepiecent,
816 3242 868 3284 eeu
883 3219 975 3302 qaod,
1000 3222 1223 3281 Graecatiorem
1236 3223 1288 3278 oi-

190 3315 240 3362 tae
252 3305 399 3368 rationem
412 3325 529 3383 parum
545 3317 700 3381 curantee,
732 3308 878 3366 inetitata
900 3305 946 3364 ad
962 3306 1127 3364 arbitrium
1147 3308 1288 3384 ipeorum

184 3390 280 3470 facta
292 3391 422 3447 maxime
435 3392 634 3468 requirerent,
656 3393 719 3450 eive
734 3389 820 3470 quod
832 3395 899 3472 regi
913 3391 959 3450 ad
969 3394 1197 3471 eeptentrionem
1213 3391 1289 3452 [etri

190 3472 365 3538 dominanti
379 3477 637 3550 conterminantee,
645 3487 863 3556 praeterquam
876 3475 962 3556 quod
972 3478 1024 3536 ille
1036 3479 1164 3534 exercitu
1172 3497 1288 3556 magno

191 3559 303 3622 valeret
316 3562 407 3639 eique
422 3559 531 3618 bellica
547 3561 661 3642 efferret
672 3583 748 3638 eece,
771 3562 810 3620 ab
826 3564 915 3621 illiue
927 3565 1009 3621 vitae
1024 3564 1142 3620 ratione
1147 3565 1291 3642 proprii-c

192 3645 329 3710 mor-ibae
342 3665 403 3704 non
418 3643 589 3727 differrent:
604 3645 719 3712 idcirco
732 3658 905 3706 etatuerunt
912 3650 1031 3726 pocieci
1042 3667 1112 3708 cum
1120 3647 1187 3705 illie
1197 3667 1289 3726 eeque

191 3728 311 3808 dedere,
333 3751 379 3788 me
399 3742 502 3790 autem
517 3735 670 3812 negotium
684 3734 826 3813 perficere
838 3733 1011 3813 publicitus
1027 3752 1128 3790 omnee
1148 3728 1291 3791 decreve-

190 3826 272 3876 runt.
314 3814 367 3880 Ita
370 3819 529 3895 profectae
539 3839 608 3876 eum
621 3815 666 3875 ad
677 3817 844 3878 eervandae
846 3821 1001 3895 fortunae
1014 3829 1145 3890 noctrae,
1159 3837 1289 3896 eumque

190 3901 284 3966 talem
296 3898 485 3980 deprehendi,
502 3904 622 3982 qualem
636 3901 807 3962 deeiderare
813 3907 883 3983 quie
895 3905 1025 3962 maxime
1034 3913 1144 3982 poeeet.
1181 3903 1290 3982 Atque

193 3986 255 4060 ita,
275 3984 330 4043 ubi
343 3987 493 4067 colloquio
507 3988 606 4064 breui,
627 3999 662 4046 ut
672 4001 827 4068 poteram,
850 3999 948 4048 totum
958 3991 1113 4068 negotium
1129 3999 1288 4068 transege-

190 4089 260 4130 ram
274 4091 343 4128 cum
356 4091 403 4146 eo,
428 4073 481 4130 ille
501 4093 564 4134 rem
582 4076 743 4151 maiorem,
767 4075 844 4155 plue
865 4093 959 4154 quam
982 4075 1097 4150 utum,
1126 4085 1287 4152 reputate,

190 4155 269 4220 milei
279 4155 448 4214 Clematum
462 4159 621 4237 imperium
634 4161 745 4226 iterum
756 4161 857 4222 colens
869 4159 1029 4240 lubeneque
1043 4179 1129 4217 omne
1142 4157 1288 4237 tradidit,

190 4238 373 4320 addiditque
386 4243 479 4300 etiam
486 4246 713 4321 praefecturam
725 4255 836 4320 totam,
858 4255 885 4303 et
900 4265 934 4303 ex
949 4247 1048 4324 ipeiue
1065 4247 1186 4324 regione
1201 4243 1289 4304 redi-

193 4333 243 4390 tue
258 4346 377 4386 annuae
396 4324 519 4388 idoneoe
540 4329 676 4409 largitae
695 4341 747 4389 eet.
791 4330 904 4390 tte-init
929 4329 979 4396 hic
998 4329 1186 4410 praeclarum
1207 4331 1289 4390 illud

191 4409 373 4490 plenumque
390 4431 492 4472 rerum
512 4433 659 4474 novarum
681 4417 893 4494 fragmentum:
924 4416 1006 4494 quod
1023 4415 1049 4474 ei
1072 4415 1288 4474 commentatio

126 4559 127 4564 ἵ
192 4493 370 4572 scriptione,
392 4497 473 4558 ande
484 4507 599 4574 manat,
618 4499 734 4578 integra
748 4509 871 4560 aetatem
887 4501 1020 4578 tulisset,
1043 4519 1099 4558 nee
1112 4507 1189 4558 tunc
1203 4497 1288 4559 haud

192 4578 283 4660 P⁸¹¹¹⁰
297 4580 383 4660 plut,
404 4603 492 4670 quam
512 4603 611 4662 nunc,
633 4584 776 4654 miremur
800 4588 838 4649 de
858 4585 982 4650 historie
1003 4583 1179 4648 Chersonesi
1193 4577 1288 4646 'Teu-

225 4759 255 4830 ')
274 4757 325 4824 ste
335 4759 400 4820 cod.
