2746 5152
197 325 275 400 aaa
444 329 824 400 unvnnrrsmonu
852 327 1035 398 annum

200 497 234 563 δέ
255 495 291 563 τὸ
309 491 490 584 διάφαυσμα
513 501 569 580 τῆς
584 491 700 580 ἧμίρας
723 493 843 580 ἐγγίσγγ,
873 490 1081 561 ἀποστειλάτω
1103 490 1296 584 βιγλάτορας

198 605 240 678 εές
256 599 453 683 κατασκοπὴν
471 604 531 664 τῶν
547 599 712 680 πολεμίων·
739 599 790 661 καί
807 599 849 672 είς
861 593 1003 682 ἀψηλοάς
1015 599 1149 681 βουνοδς
1163 600 1296 687 ἀνερχά-
1313 621 1322 628 ’

195 729 281 790 μενοι
296 699 560 788 ἀγωνισάσθωσον
573 695 753 767 θεάσασθαι
769 696 890 776 αάτοιίς.
926 697 942 766 ri
958 702 992 765 δέ
1003 702 1185 790 στρατηγὸς,
1212 699 1294 789 ἦμέ-

197 833 255 895 ρας
274 807 449 892 γενομένης,
484 804 538 870 τὸν
560 802 672 869 ἑαυτοῦ
695 803 771 869 λαάν
793 801 1027 892 ἀποκρυπτέτω,
1059 807 1113 870 ’ίνα
1134 805 1199 890 μὴ,
1235 808 1292 872 τὸν

195 909 352 996 κονιορτὸν
370 908 466 973 αὐτοῦ
480 907 511 972 oi
523 907 659 990 πολίμιοι
673 902 870 988 θεασάμενοι,
897 911 1017 990 μᾶλλον
1031 909 1197 996 ἐνεδρευθῇ
1209 910 1321 998 παρ’5

194 1013 307 1079 αὐτῶν.
345 1007 613 1094 καταμηνυάμενος
636 1007 708 1094 diii
732 1009 816 1092 παρά
839 1015 901 1074 τῶν
927 1009 1220 1078 ἐπακολουθούντων
1242 1019 1290 1104 τῷ

166 1113 335 1204 Οκοάρσῳ,
363 1113 383 1198 ἢ
407 1113 492 1199 παρά
510 1120 572 1178 τῶν
591 1115 633 1188 είς
654 1112 818 1196 ἐπισκοπὴν
839 1114 889 1175 καί
908 1115 1018 1196 βίγλαν
1038 1113 1286 1198 ἀποσταλέντων,

192 1219 224 1284 ἐν
241 1210 265 1306 ᾧ
282 1214 367 1305 τόπῳ
383 1213 402 1301 ἢ
421 1213 591 1303 παράταξίς
605 1216 668 1280 ἐστι
686 1221 748 1280 τῶν
768 1217 919 1296 πολεμίων
933 1211 952 1298 ἦ
969 1214 1022 1280 τάν
1036 1216 1169 1302 ἀρχηγὸν
1184 1218 1287 1284 αὐτῶν

191 1319 303 1404 ἐχουσο
313 1370 324 1400 ,
353 1319 472 1404 ὀλίγους
487 1319 573 1396 τινάς
588 1317 666 1402 μεθ’
686 1315 797 1383 ἑαυτοῦ
819 1317 925 1399 λαβὼν
947 1313 964 1383 ὅ
986 1321 1157 1406 στρατηγὸς
1174 1323 1225 1385 καί
1245 1323 1290 1398 είς

190 1420 316 1508 ὑψηλὴν
334 1423 463 1488 σκοπιάν
480 1418 695 1507 ἀνερχόμενος,
723 1417 884 1486 σπευσάτω
901 1423 1019 1512 οἰκείοις
1035 1421 1213 1508 ὀφθαλμοῖς
1231 1424 1289 1508 τὴν
1297 1431 1334 1483 10

190 1533 253 1591 τῶν
276 1528 427 1608 πολεμίων
452 1523 623 1612 παράταξιν
644 1520 836 1588 θεάσασθαι.
878 1520 995 1606 ταύτην
1021 1523 1055 1588 δέ
1078 1523 1285 1609 θεασάμενος,

193 1629 255 1693 ἐπεί
279 1632 329 1693 καί
350 1629 386 1693 τὸ
406 1634 528 1712 πλῆθος
546 1633 602 1692 τοῦ
623 1631 701 1690 λαοῦ
724 1625 826 1690 αὐτῶν
850 1626 1070 1712 διεσκορπίσθη
1090 1628 1166 1714 πρὸς
1187 1631 1285 1712 λείαν,

191 1731 391 1814 στοχαζίσθω
404 1731 482 1812 μετὰ
495 1737 557 1796 τῶν
576 1729 633 1793 σάν
645 1726 730 1816 αὐτῷ
746 1727 781 1793 τὸ
800 1733 923 1810 πλῆθος
939 1735 995 1812 τῆς
1007 1727 1205 1814 παρατάξεως
1220 1733 1288 1828 τάχ

190 1835 342 1914 πολεμίων
351 1882 361 1913 ,
390 1832 511 1916 καί’τὴν
528 1838 584 1897 τοῦ
600 1832 679 1896 ἐδίον
693 1835 770 1894 λαοῦ
785 1827 881 1913 ίσχάν.
917 1835 967 1894 καί
983 1831 1036 1895 ἐάν
1052 1830 1149 1897 πλεΐάν
1165 1835 1228 1897 ἐστι
1241 1821 1283 1899 τά

124 1946 126 1952 ’
190 1933 302 2001 ἐαυτοῦ
322 1932 498 2020 στράτευμα
520 1941 581 1999 τῶν
604 1935 771 2015 πολεμίων,
800 1929 968 2018 ἀρμησάτω
988 1933 1060 1997 κατ’
1084 1933 1204 2015 αὐτῶν,
1239 1933 1283 2012 ὡς
1292 1943 1331 2002 15

162 2033 417 2124 1)ἧ’δηάνωτίρω
440 2033 683 2118 διετυπιάσαμιν·
711 2036 761 2099 καί
785 2039 810 2098 εί
834 2034 978 2122 παράσχῃ
999 2035 1083 2126 αὐτῷ
1105 2038 1183 2113 Θεὸς
1203 2035 1286 2122 βοή-

187 2147 299 2221 θειαν,
328 2143 379 2204 καί
398 2143 520 2227 δυνηθῇ
540 2139 595 2222 τὴν
613 2135 784 2225 παράταξιν
802 2135 904 2203 αάτῶν
925 2143 1131 2226 τραυματίσαι
1153 2143 1205 2204 καλ
1224 2167 1285 2206 κα-

186 2247 351 2323 ταδιῶξαι,
379 2243 456 2328 μίγα
474 2243 561 2329 ἔργον
581 2244 631 2306 καί
646 2239 770 2325 μνήμης
786 2239 870 2318 ἀξιον
887 2241 1055 2308 ἐπιτελίσει.
1102 2246 1130 2307 εί
1152 2244 1187 2308 δέ
1202 2249 1286 2329 πλῆ-

79 2413 82 2424 ,
186 2345 249 2424 θός
262 2349 325 2412 ἐστι
340 2353 396 2412 τοῦ
411 2351 488 2411 λαοῦ
504 2348 535 2410 ἐν
551 2350 591 2432 τῇ
606 2351 668 2408 τῶν
684 2346 806 2430 ἐχθρῶν
823 2341 999 2430 παρατάξει,
1020 2345 1089 2409 δίον
1106 2346 1170 2410 ἐστὶ
1184 2369 1284 2411 σπου-

186 2449 280 2514 δάσαι
295 2449 349 2514 τὸν
365 2447 537 2535 στρατηγὸν
556 2447 732 2532 ἔμπροσθεν
746 2447 888 2531 γενέσθαι
895 2496 906 2527 ,
935 2449 966 2512 ἐν
980 2443 1026 2522 οἷς
1038 2450 1163 2534 χωρίοις
1176 2449 1207 2514 oi
1222 2457 1328 2514 rto-20

164 2537 281 2635 1λέμιοι
302 2551 360 2626 τάς
376 2551 528 2636 ἐκδρομὰς
551 2546 753 2630 ἐποιήσαντο,
782 2548 815 2613 ἐκ
837 2555 900 2614 τῶν
923 2549 1052 2615 ὄπισθεν
1074 2550 1177 2616 arionis
1195 2549 1283 2636 γενά-

18 2659 72 2713 Fol.
86 2659 138 2716 ³91
153 2675 176 2713 r.
181 2679 284 2738 μενον.
326 2651 506 2720 καὶτούτων
525 2651 780 2734 διεσκεδασμίνων
802 2650 1022 2736 ἐπιτυγχάνων,
1050 2655 1101 2718 καί
1116 2661 1154 2741 τῇ
1172 2656 1281 2746 ἐλασίρ

182 2755 386 2846 ἐκλελυμένων
404 2758 454 2819 καί
472 2755 574 2820 αάτῶν
590 2757 640 2818 καί
658 2761 721 2818 τῶν
734 2755 835 2820 innuo
854 2754 956 2820 αὐτῶν
965 2805 976 2836 ,
1003 2754 1132 2840 εὐχερῶς
1150 2753 1281 2832 τούτους

86 2867 88 2872 ’
182 2860 421 2944 καταγωνίσεται
437 2857 474 2923 δι’
495 2856 568 2941 ὅλης
584 2862 639 2939 τῆς
654 2851 780 2942 ἢμίρας,
805 2855 1022 2944 ἀναψηλαιγολν
1038 2857 1151 2935 αάτοάς
1165 2861 1198 2922 ἐν
1214 2869 1281 2934 τοῖς

68 2964 102 3020 Ρ.
117 2959 168 3022 144
181 2963 325 3052 χωρίοις·
352 2960 507 3036 κάκείνους
531 2959 587 3044 μέν
608 2955 689 3049 λόγῳ
711 2955 915 3046 ἀνδραπόδων
933 2957 1134 3045 καταστήσει,
1161 2963 1213 3026 καὶ
1235 2951 1336 3039 uicti

251 3085 557 3164 mmmm

146 3269 149 3280 ,
180 3218 236 3291 iat,
254 3225 298 3296 qui
312 3223 344 3278 de
359 3225 475 3278 hostibus
491 3224 636 3293 inquirant:
653 3222 695 3288 hi,
712 3221 817 3276 o'oiiihus
831 3221 909 3276 editis
919 3222 1072 3289 oonsoensis,
1089 3240 1192 3295 operam
1205 3223 1278 3292 deut,

181 3305 211 3348 ut
234 3293 399 3364 oontempiari
417 3311 461 3347 eos
479 3293 587 3364 possint
622 3293 676 3346 Ubi
699 3292 798 3356 illuxit,
822 3292 874 3344 dux
893 3293 980 3362 copias
1000 3311 1060 3346 suas
1080 3293 1206 3358 domitet,
1233 3311 1278 3358 ne,

180 3364 294 3416 excitato
310 3381 395 3416 eurum
411 3364 531 3433 pulvere,
547 3363 605 3432 ipse
618 3363 702 3431 potius
715 3361 741 3414 in
755 3361 957 3414 adversariorum
967 3362 1075 3416 insidias
1086 3363 1191 3415 ineidat
1209 3363 1280 3415 Dein

180 3432 278 3484 certior
296 3433 382 3484 iactus
400 3433 442 3485 vel
459 3433 492 3485 sb
513 3431 552 3483 his
566 3431 610 3500 qui
621 3432 786 3500 praedatores
796 3431 879 3483 secuti
890 3437 965 3494 sunt,
983 3431 1022 3482 vei
1036 3431 1131 3484 abillis
1146 3449 1211 3500 quos
1224 3431 1278 3483 cir-

180 3499 364 3568 cumspiciendi
378 3499 580 3570 explorandique
599 3517 675 3553 causa
691 3499 801 3562 dimisit,
818 3498 862 3550 uhi
907 3507 935 3551 at
946 3497 1009 3552 iilud
1022 3499 1132 3552 hortium
1145 3499 1276 3564 vexilium,

178 3566 206 3620 in
228 3585 279 3636 quo
301 3571 445 3637 praefectus
465 3587 551 3622 eorum
572 3569 624 3632 sit,
641 3570 729 3652 pausis
748 3568 867 3620 assumtis
907 3585 941 3619 ux
957 3567 984 3619 in
997 3568 1120 3621 excelsum
1134 3569 1279 3621 ascendens

178 3635 308 3706 speculam
326 3643 431 3689 conetur
451 3638 564 3708 propriis
586 3638 667 3690 oculus
685 3638 765 3690 aciem
787 3636 896 3689 hostium
916 3637 1086 3690 considerare.
1130 3637 1190 3700 Qua
1211 3653 1277 3706 per-
1354 3651 1361 3659 ·

178 3711 283 3775 specta,
300 3705 345 3756 uhi
362 3705 498 3758 multitudo
513 3723 598 3759 eorum
612 3725 641 3760 se
653 3706 786 3758 diffuderit
799 3707 962 3774 praedatum,
979 3706 1097 3758 aestimet
1110 3723 1166 3759 cum
1179 3705 1212 3757 iis
1228 3705 1277 3774 qui

177 3790 230 3827 una
246 3779 323 3837 sunt,
340 3780 394 3826 tum
412 3775 501 3844 copias
519 3776 548 3826 in
568 3775 624 3828 aoie
644 3777 730 3828 hostili
748 3783 861 3840 stantes,
878 3783 931 3827 tum
944 3781 1006 3826 suae
1019 3791 1107 3827 manus
1119 3774 1276 3827 firmitatem.

176 3843 207 3895 Si
229 3859 290 3895 suus
313 3843 440 3894 exercitus
458 3859 498 3895 am
516 3843 564 3896 iior
584 3853 624 3897 est
643 3844 747 3907 hostili,
764 3845 856 3897 incitet
876 3861 905 3896 se
921 3843 947 3895 in
964 3859 1025 3906 eos,
1043 3851 1072 3896 ut
1090 3843 1140 3898 iam
1155 3842 1277 3912 superius

175 3911 371 3980 descripsimus:
389 3927 419 3964 ac
433 3913 471 3975 si,
490 3861 545 3964 lieo
567 3913 686 3966 auxilium
700 3914 851 3983 praebente,
868 3913 948 3965 aciem
962 3929 1047 3964 eorum
1059 3919 1175 3965 sternere
1186 3915 1277 3994 potest

175 3986 204 4034 et
224 3981 348 4044 sundere,
365 3997 483 4048 magnum
503 3999 565 4033 sane
585 3983 685 4034 facinus
703 3981 887 4050 memoriaeque
904 3981 1007 4049 dignum
1027 3981 1131 4034 efficiet
1167 3981 1214 4032 Sur
1231 3979 1277 4032 iu-

175 4057 270 4118 geutea
290 4049 380 4118 copiae
400 4051 449 4102 sub
470 4051 551 4120 signia
569 4051 679 4103 hostium
706 4050 892 4115 consument,
918 4065 1020 4119 operam
1042 4051 1105 4103 dare
1125 4048 1204 4102 debet
1220 4047 1275 4102 dux

174 4125 205 4170 ut
223 4118 331 4170 ulterius
350 4125 465 4184 moveat,
483 4121 516 4172 ad
534 4119 606 4171 vicos
626 4137 690 4188 quos
705 4119 847 4174 adversarii
866 4120 1030 4182 invaserunt,
1055 4119 1094 4171 ita
1113 4124 1144 4170 ut
1162 4133 1178 4170 a
1196 4121 1275 4186 tergo

174 4201 261 4239 sonim
280 4187 384 4240 existat.
419 4188 490 4250 Quos
510 4187 532 4239 si
549 4188 680 4256 dispersos
702 4205 828 4257 cursuque
842 4205 898 4241 oum
911 4188 982 4257 ipsos
996 4194 1050 4240 tum
1064 4188 1176 4240 iumenta
1187 4187 1275 4239 sessos

174 4255 208 4308 de
226 4255 359 4318 rehendit,
376 4255 443 4317 nulio
463 4256 565 4326 negotio
583 4274 627 4310 eos
640 4275 688 4327 per
703 4264 784 4311 totum
795 4257 865 4310 iilum
876 4256 943 4310 diem
956 4257 1072 4320 occidet,
1090 4271 1188 4326 perque
1199 4255 1275 4308 vicos

173 4271 324 4395 inrisgabitr
341 4324 412 4396 ipsos
426 4341 529 4381 numero
543 4341 674 4381 servorum
685 4326 805 4394 hebebit,
822 4327 850 4381 in
862 4343 956 4399 eosque
966 4343 1012 4381 suo
1024 4325 1150 4384 arbitratu
1165 4329 1275 4380 sumet
