2714 5138
214 345 273 394 ΧΠ
646 335 684 406 C.
703 335 740 404 B.
761 335 877 406 nasu

216 493 431 574 cognitionem,
459 493 680 574 editionemque
700 493 855 576 utriusque
872 493 1038 560 adornasse.
1080 497 1162 574 Quin
1183 497 1248 580 ipse
1268 500 1313 560 sic

213 595 304 658 habet
317 597 398 658 notis
413 596 452 656 ad
459 595 582 664 Auctor.
599 597 711 662 novies.
723 597 864 663 Bibliotb.
874 599 1013 665 Graecos.
1029 601 1106 665 Patr.
1115 601 1205 661 Paris.
1219 605 1314 670 1672.

213 721 243 780 p.
259 700 330 766 545.
345 698 522 761 subhorride
531 699 579 783 (ut
591 702 768 782 plerumque
779 701 928 762 incomtus
942 713 986 763 est
997 704 1028 763 in
1039 701 1313 784 orationelLatinop

119 806 150 860 P.
165 809 198 863 tv
216 801 323 862 Pltotii
343 801 467 872 technae
483 805 643 884 malasque
665 815 746 863 ortes
766 825 834 863 cum
855 805 914 863 olii
932 809 1087 884 prosecuti
1107 815 1178 864 suist
1201 805 1315 864 Graeci

213 905 374 983 aequales,
403 916 459 964 aut
471 929 588 986 parum
608 905 774 986 suppares,
803 917 869 964 tum
888 917 972 965 nnus
990 907 1161 988 Logotlreta
1184 905 1248 986 [bic
1266 915 1313 967 est

211 1007 331 1067 Simeon
347 1011 485 1086 magister
501 1018 530 1068 et
546 1007 723 1086 Logotheta,
746 1007 782 1067 de
801 1027 860 1086 quo
874 1008 988 1068 Harles.
1010 1009 1071 1070 vlt.
1091 1010 1163 1077 471.
1190 1009 1261 1090 C.],'
1282 1013 1314 1069 si

210 1109 335 1192 quondo
343 1156 351 1188 ,
370 1132 449 1190 pace
461 1113 559 1170 lenius
573 1115 743 1192 aspirante,
766 1129 804 1168 oc
819 1109 1081 1170 etruriaotsstmo
1096 1113 1179 1192 Rege
1197 1133 1313 1192 semper

208 1215 337 1288 victore,
359 1213 461 1290 Regia
483 1215 632 1292 Lupara,
654 1213 801 1270 historiae
821 1213 1012 1290 Byzantinos
1028 1235 1125 1293 paene
1144 1215 1311 1272 necessario

209 1297 430 1392 supplemento,
453 1335 521 1374 cum
543 1318 642 1375 Leone
663 1317 805 1375 Diacono
830 1324 857 1372 et
876 1314 1027 1374 Micba'e'le
1049 1315 1162 1390 Pseilo,
1191 1317 1310 1393 regium

209 1437 277 1474 vere
291 1415 458 1495 multiplici
471 1419 562 1476 titulo
573 1427 796 1498 argumentum,
813 1417 890 1474 iuris
898 1417 1019 1497 publici
1034 1419 1121 1498 regia
1134 1416 1310 1495 nsunificen-

210 1519 257 1574 tia
274 1519 399 1595 faciat:
429 1541 466 1578 ne
489 1521 552 1578 eibi
570 1542 627 1600 per
645 1539 748 1578 moros
769 1523 931 1596 Batavus,
960 1531 1018 1577 aut
1031 1541 1107 1600 gens
1127 1517 1212 1594 alia,
1241 1539 1310 1576 eom

207 1619 343 1698 gloriam
355 1623 470 1700 rapiat.
512 1622 571 1682 Sed
583 1644 609 1682 a.
627 1627 718 1690 1679.
729 1644 749 1680 a
764 1621 825 1683 vita
840 1621 976 1682 discessit
989 1621 1190 1698 combefisius,
1212 1621 1309 1700 deque

210 1723 327 1782 duobus
343 1723 432 1782 tomis
449 1723 581 1785 ductarii
597 1723 772 1806 Byzantini,
793 1744 868 1804 quos
884 1723 1014 1784 edendos
1029 1723 1085 1783 sibi
1101 1730 1317 1810 proposuerat„

211 1843 250 1883 ne
264 1824 392 1904 priorem
415 1827 535 1905 quidem
559 1827 659 1908 potuit
679 1827 843 1904 divulgare.
885 1827 914 1886 Is
938 1827 1033 1904 enim,
1060 1821 1220 1904 scriptores
1237 1829 1308 1903 post

212 1925 421 2006 Theophanem
438 1928 612 2004 continens,
635 1921 862 1988 Constantinum
878 1929 1168 2010 Porpisyrogenetam
1188 1925 1254 1985 dico
1270 1925 1308 1986 da

210 2030 393 2107 vitabundi,
407 2029 652 2090 continuatorem
662 2051 843 2110 anorrymum
851 2029 1050 2111 Theophanis,
1060 2030 1200 2089 Ioannem
1207 2028 1309 2087 Ceme-

210 2132 331 2208 niatom,
355 2131 515 2210 Georgium
529 2133 717 2210 monachum,
740 2131 830 2208 alios,
852 2151 913 2190 non
928 2131 984 2192 nisi
1000 2132 1140 2192 sexennio
1155 2139 1234 2212 post,
1256 2149 1309 2190 cu·

209 2244 295 2296 sonte
310 2235 480 2295 Sebastiano
495 2234 787 2314 Mabre-Cramoisy,
810 2253 848 2292 ex
860 2233 1057 2315 typographia
1071 2233 1160 2311 Regia
1172 2255 1197 2296 a.
1215 2232 1307 2299 1685.

209 2337 242 2396 in
262 2337 361 2397 lucem
382 2337 518 2419 prolatus
538 2346 591 2398 est.
639 2337 740 2398 Editio
761 2337 900 2412 alterius,
929 2337 1056 2394 Leonem
1071 2333 1309 2412 Michatilemque

187 2440 338 2499 ·Pselium
356 2439 560 2520 complexuri,
581 2461 677 2521 prope
697 2439 819 2528 triginta
832 2437 918 2497 annis
933 2445 1003 2517 post
1023 2437 1176 2496 commissa
1194 2445 1240 2495 eat
1251 2435 1307 2496 Mi.

209 2538 306 2599 ababli
332 2542 373 2600 Le
402 2541 518 2619 Quien,
554 2560 592 2600 ex
618 2541 737 2600 schedis
768 2538 986 2600 Combefisianis
1017 2537 1208 2600 adornanda:
1242 2538 1307 2600 vid.

206 2639 335 2700 Echard.
351 2642 513 2722 Scriptorr.
527 2643 643 2704 ordinis
657 2641 856 2702 Praedicator.
869 2639 992 2710 11:684.
1009 2640 1039 2698 C.
1051 2639 1112 2700 Nec
1133 2639 1263 2720 segniter
1276 2641 1305 2700 is

207 2761 238 2802 so
255 2743 293 2802 ed
308 2763 385 2824 opus
402 2744 545 2822 admovit,
566 2744 609 2804 ita
623 2755 658 2805 ut
667 2746 723 2805 Leo
739 2745 771 2805 in
787 2741 1081 2825 typographialiegio
1094 2741 1230 2802 formulis
1245 2741 1306 2802 ism

206 2853 329 2925 coeptus
354 2846 394 2906 sit
415 2846 558 2923 describi,
580 2846 703 2928 ipseque
717 2848 756 2906 Le
771 2847 869 2921 Quian
890 2846 933 2905 sic
954 2843 1062 2904 habeut
1076 2845 1191 2907 Orient.
1215 2843 1305 2903 Chri-

206 2946 294 3006 stisu.
314 2947 338 3005 1.
363 2948 437 3014 255.
456 2949 496 3010 D:
520 2951 605 3028 Quae
620 2952 683 3009 Leo
698 2953 862 3009 Diaconue
881 2949 972 3025 refert
986 2949 1020 3004 in
1034 2949 1195 3024 Historia,
1214 2946 1305 3005 cause

200 3070 280 3130 pare
294 3053 375 3130 typis
390 3053 500 3131 Regiis
516 3055 581 3110 iam
600 3049 684 3110 edita
701 3063 752 3112 est.
790 3051 911 3111 ¹Atenirn
929 3017 1098 3110 interveni(
1114 3047 1304 3130 impressioni

204 3151 413 3230 ingravescens
431 3155 560 3231 bellurn,
590 3154 672 3234 quod
692 3155 729 3214 de
751 3152 962 3233 Hispaniarum
981 3151 1165 3212 successione
1187 3159 1303 3230 gestum

205 3263 266 3330 est,
289 3257 528 3336 comitiumque,
549 3265 584 3316 ut
604 3257 707 3317 scribit
722 3255 876 3316 Eebardus
899 3257 956 3318 loc.
973 3255 1039 3330 cit,
1062 3251 1147 3333 quod
1155 3251 1304 3311 Michatl'

204 3358 251 3416 Le
275 3357 370 3436 Quien
400 3361 594 3417 commissum
618 3369 684 3417 erat
707 3359 922 3440 exequendum,
951 3361 1073 3436 iamque
1095 3357 1175 3433 typis
1193 3355 1305 3435 Regiis

204 3460 374 3538 inceptum,
397 3459 552 3518 bellatum
571 3463 717 3520 atrociori
734 3462 848 3540 ubique
856 3463 1017 3542 flagrante
1038 3462 1240 3536 interruptum
1261 3467 1305 3515 est

204 3579 244 3617 ac
259 3561 429 3638 prolatum.
472 3562 548 3641 Ergo
566 3583 662 3642 neque
679 3563 847 3623 combefisii
867 3583 956 3646 opera
976 3580 1073 3641 neque
1089 3557 1254 3638 Lequienii,
1276 3580 1304 3619 a.

205 3665 297 3729 1733.
310 3663 372 3722 vito
386 3664 481 3724 functi
489 3709 498 3740 ,
520 3665 610 3726 Leoni
625 3665 726 3746 potuit
737 3666 887 3748 prodesse.
928 3666 967 3725 Et
979 3661 1079 3722 mirari
1089 3661 1172 3737 iicet,
1192 3661 1303 3741 plagu-

201 3763 247 3824 las
261 3765 327 3824 illes
343 3774 419 3826 tunc
431 3766 587 3846 impressas
603 3766 768 3845 interiisse,
789 3788 884 3850 prope
898 3765 1011 3842 dicam,
1033 3763 1065 3824 in
1078 3760 1223 3839 nihilum,
1244 3779 1302 3820 ne-

200 3886 259 3946 que
275 3887 401 3946 usquam
416 3867 475 3926 iem
492 3887 674 3948 comparere.
716 3871 779 3952 Ego
793 3879 872 3930 certe
887 3875 1037 3928 scrutatus
1057 3885 1123 3926 sum
1146 3883 1220 3944 quae
1240 3883 1300 3942 po-

199 3967 263 4046 tui,
285 3978 315 4028 et
329 3969 511 4049 perquisivi,
534 3981 728 4050 percontatus
744 3969 864 4054 quoque
877 3979 993 4051 agentes
1007 3966 1221 4082 typographiae
1238 3965 1300 4022 Re-

199 4071 278 4150 giae,
300 4072 384 4132 viros
400 4093 463 4132 non
477 4072 577 4132 solum
595 4075 791 4155 peritissimos
811 4073 886 4137 estis
902 4093 987 4148 suae,
1009 4091 1115 4132 vorum
1137 4067 1298 4127 historicos

199 4193 333 4254 quoque,
361 4185 683 4257 monumentorumque
705 4177 842 4240 officirne
861 4177 997 4258 ipsorum
1019 4171 1223 4254 percurioaoss
1244 4187 1298 4229 re-

197 4273 307 4356 liquiae
323 4277 463 4352 editionis
476 4277 559 4340 illius
579 4278 715 4364 inceptae
737 4282 837 4345 nullas
857 4279 943 4364 potui
964 4273 1109 4340 mocissi.
1152 4272 1298 4353 Quapro-
