2714 5138
71 307 72 310 κ
176 297 259 346 xm
411 253 421 366 ’,
580 283 813 356 cunam

179 445 267 529 plne.
309 443 382 508 [ΙΙΙ.
406 443 549 526 Περδτον
536 438 718 508 ’διδάσκειν
735 442 786 516 σὺ
801 443 934 530 στοαεδν
933 446 991 514 καὶ
1004 445 1115 523 letne
1137 443 1180 512 in
1195 447 1281 534 ἐνηῑ

179 544 275 634 δδδᾳ”
258 572 344 625 οντα,
365 569 441 610 κατα
434 542 541 622 τάξιν
555 540 737 627 dniqnesissv
753 547 805 616 οιαὶ,
821 548 1003 634 ὁδοιπορεῖν.
1026 541 1110 612 Ltv.
1134 550 1212 632 Περὶ
1222 553 1280 614 cosi

178 609 422 714 δισδλλάστεσθαι
435 645 489 724 τὰς
505 623 680 723 ἒκεελούσας
693 644 844 728 ἰα’ξεις
807 675 864 732 την
880 647 1205 728 concitusconcitus,
1227 649 1279 716 διδ
1298 687 1300 690 -

177 749 231 816 cdv
255 744 407 816 noisiv'
370 773 469 814 eonon
484 753 540 814 sesi
558 747 701 833 δοχονεος
723 756 762 828 *).
805 753 865 814 tv.
875 754 969 842 Περὶ
990 760 1051 819 coia
1071 753 1280 836 elnonensium

62 889 67 904 ·
178 847 381 930 dooissoiv‚‘'
362 875 410 917 οει
427 849 483 935 χρή
503 849 562 936 ποδ
584 851 728 934 ἡμετέρας
750 849 861 935 ταύτης
883 856 1090 939 λελογισμένοις
1114 857 1151 936 [1.
1167 855 1283 940 ἡμέρας

148 1015 150 1022 ,
176 952 285 1030 eudone
297 952 530 1038 λελογισμένως]
549 959 666 1018 mnodo
681 955 734 1018 noi
748 958 952 1028 διατίθεσθαι.
995 961 1053 1037 Ea,
1071 955 1204 1038 inquam,
1227 977 1280 1018 cs·

104 1111 110 1126 ,
151 1083 162 1104 ··
175 1057 257 1139 pits,
279 1058 498 1138 qualiacunque
521 1067 607 1136 sunt,
629 1067 660 1118 et
679 1057 824 1140 descripsi
841 1061 1019 1142 iampridem
1036 1071 1066 1122 et
1080 1063 1186 1122 Latine
1203 1081 1280 1122 con-

169 1161 270 1238 nesti,
292 1169 328 1222 ut
347 1161 390 1228 ise
401 1159 593 1240 subsequenti
614 1160 720 1240 aliquo.
734 1163 889 1222 volumine
910 1164 997 1224 facile
1019 1164 1138 1243 vulgari
1156 1172 1279 1244 queant,
1317 1149 1319 1152 ⁵

174 1263 304 1324 simodo
319 1263 398 1324 tanti
413 1263 555 1324 videntne
569 1262 706 1326 eruditis.
749 1264 888 1340 Quorum
894 1266 1047 1338 iudicium
1057 1265 1116 1328 hac
1130 1267 1168 1327 de
1178 1286 1212 1328 re
1222 1285 1280 1326 ex-

151 1365 282 1446 quire,
304 1386 405 1426 meum
419 1366 538 1428 nullum
554 1365 759 1448 interponens.

58 1527 88 1580 Ρ
105 1529 162 1582 xvl
261 1519 329 1581 XII.
350 1519 414 1580 Iam
430 1519 512 1601 quod
529 1511 859 1602 edinterpretstionens
877 1519 1013 1580 Latinam
1033 1517 1183 1580 Historiae
1200 1513 1281 1578 Leo·-

79 1681 84 1688 .
176 1621 225 1684 nis
241 1624 367 1702 attinet,
388 1621 632 1684 locosversionis
648 1623 929 1700 combefisianaes
919 1645 953 1682 sn
970 1623 1088 1683 criticis
1103 1621 1174 1700 Pagi
1191 1617 1281 1703 (vide

177 1745 267 1806 supra
282 1745 348 1806 pag.
364 1725 402 1792 V.
416 1721 464 1807 D.)
487 1734 630 1803 servatos,
650 1728 711 1788 nias
702 1727 944 1786 'nbimanifesto
960 1727 1063 1807 lapsus
1080 1733 1160 1796 erat,
1174 1722 1281 1783 iisdem

75 1890 78 1902 ,
175 1829 393 1916 propemodum
413 1828 514 1887 verbis
532 1827 564 1887 in
578 1829 739 1888 editionem
756 1850 851 1910 meam
864 1826 965 1886 retuli.
1009 1827 1100 1886 Cuius
1112 1825 1155 1886 rei
1170 1845 1281 1884 unum-

177 1951 326 2011 quemque
345 1930 529 1992 admonitnm
550 1951 612 1990 esse
635 1931 741 1992 velim:
762 1953 816 2009 ne,
842 1929 868 1991 si
896 1948 986 2009 quem
1008 1928 1042 1988 in
1066 1927 1204 1989 versione
1226 1937 1281 1988 sut
1331 1981 1335 1998 ,

175 2033 247 2112 styli
268 2032 487 2111 inconstantia,
509 2041 560 2092 aut
580 2032 735 2114 quippiam
756 2033 883 2093 fortasse
907 2052 970 2091 non
994 2029 1065 2089 setis
1091 2048 1166 2110 pure
1187 2038 1281 2108 atque

64 2119 68 2128 ¹
175 2137 330 2196 emendate
346 2137 459 2196 dictum
478 2133 655 2215 offenderit,
678 2135 822 2196 continuo
840 2133 874 2194 id
886 2131 920 2192 in
931 2129 1196 2213 reprehensionem
1206 2151 1281 2191 ver-
1342 2209 1344 2214 Α

173 2239 302 2299 'tendum
316 2247 414 2320 putet.
441 2237 531 2308 ,Nam
554 2245 617 2297 erat
642 2237 835 2297 combefisius
858 2233 949 2295 homo
974 2235 1042 2314 pius
1064 2233 1186 2314 quidem
1203 2233 1281 2293 etin

174 2341 264 2400 rebus
287 2341 379 2402 sacris
402 2339 593 2418 singulariter
614 2338 739 2416 doctus,
765 2337 817 2397 sed
835 2337 888 2418 qui
906 2355 1060 2416 nunquam
1079 2335 1116 2394 sb
1137 2334 1280 2395 orationis

112 2445 114 2451 ‘
175 2441 335 2522 asperitate
350 2441 557 2522 moestitiaque
573 2443 673 2500 abesse
689 2441 798 2520 potuit
842 2439 934 2499 Nobis
949 2457 1067 2519 qnoque
1083 2437 1116 2496 in
1136 2427 1279 2497 universo

174 2543 330 2603 volumine
344 2543 463 2622 linguae
481 2555 570 2622 atque
587 2541 767 2602 elocutionis
786 2561 858 2601 ensa
874 2539 1004 2624 (vereor)
1029 2561 1091 2600 non
1105 2547 1189 2598 tanta
1209 2539 1278 2618 suit,
1321 2575 1324 2581 ,

174 2653 287 2724 quanta
302 2663 366 2703 esse
387 2653 523 2726 poterat,
545 2645 671 2704 lostases
692 2645 782 2704 etism
797 2631 933 2706 debebat.
977 2643 1036 2702 Sed
1058 2641 1176 2701 veniam
1196 2647 1279 2700 eius-

174 2745 257 2806 modi
276 2746 396 2806 sscilius
418 2745 482 2806 dari
498 2765 586 2827 posse
601 2746 740 2808 existimo
764 2746 948 2826 Byzantidae
969 2725 1114 2806 historiae
1126 2741 1277 2822 studiosis,

175 2848 359 2928 omninoque
371 2847 408 2908 iis
427 2848 477 2928 qni
491 2848 526 2908 in
539 2847 845 2929 scriptoribuemedii
861 2848 926 2908 aevi
934 2893 943 2926 ,
964 2847 1065 2907 nescio
1080 2845 1155 2925 quid
1168 2845 1279 2905 barba-

167 2971 244 3020 num
265 2960 295 3010 et
316 2949 533 3011 inconcinnum
558 2950 751 3029 sonantibus,
783 2951 993 3030 cogitationem
1017 2931 1127 3031 perdiu
1146 2959 1278 3028 ponunt.

174 3054 340 3130 Praetores,
352 3053 501 3116 bonorum
514 3051 697 3132 scriptorum
710 3050 881 3136 exemplum
896 3060 1086 3127 consecutus,
1095 3043 1190 3112 velin
1204 3071 1279 3112 ver-

174 3157 219 3217 bis
242 3157 281 3216 ad
304 3156 462 3236 religiones
486 3155 754 3236 persuasionesque
781 3153 1018 3238 pertinentibus,
1050 3153 1102 3212 ubi
1129 3152 1277 3212 difficilliss

139 3325 143 3334 Ι
174 3279 256 3318 nsum
277 3269 355 3336 erat,
387 3257 481 3318 malni
498 3258 652 3322 interdum
675 3258 791 3338 aliquid
811 3256 918 3318 audere
938 3255 1055 3336 potius,
1085 3243 1278 3334 qnam'lati-

174 3382 243 3420 nam
261 3362 426 3422 orationem
442 3362 545 3422 multis
561 3359 683 3420 Graecis
695 3359 852 3420 vocabulis
867 3359 1034 3438 inquinare.
1080 3359 1215 3416 Nomina
1229 3380 1278 3417 re-

169 3485 246 3539 vrum
263 3465 382 3522 Graeca
399 3487 478 3544 qnae
491 3466 694 3524 convertimus
712 3461 760 3544 (ut
775 3461 931 3522 Cornificii
945 3459 1043 3520 verbis
1060 3469 1144 3536 ntur,
1167 3436 1276 3538 quarto

174 3564 439 3648 Rhetorieorum),
459 3591 494 3627 ea
506 3579 621 3627 remota
643 3575 716 3623 suns
739 3585 759 3622 a
774 3562 1006 3625 consuetudine:
1029 3583 1108 3643 qsscse
1128 3564 1205 3618 euim
1227 3585 1277 3621 ree

133 3733 138 3746 ,
176 3665 263 3746 apud
276 3677 396 3725 nostroe
410 3691 471 3728 nors
484 3681 588 3748 erant,
610 3689 716 3727 earnm
730 3689 830 3726 rernm
845 3669 971 3726 nomina
989 3674 1199 3743 conpotes-ans
1215 3687 1277 3723 esse
1349 3645 1350 3654 δ

176 3771 304 3828 usitata.
358 3770 580 3850 Designationes
611 3771 808 3852 dignitatum,
846 3766 1035 3843 Patrisrchs,
1076 3767 1274 3843 Domesticos,

176 3859 379 3950 liningasins,
401 3874 520 3954 aliaque
535 3874 568 3934 sd
580 3895 688 3952 genus
708 3871 876 3932 necessario
891 3867 1016 3944 retinui,
1038 3869 1155 3928 tametsi
1171 3890 1209 3926 ex
1224 3871 1275 3926 ni-

177 3973 323 4034 tidissimo
339 3975 510 4036 latinitatis
532 3977 616 4036 sonte
638 3971 869 4056 haudquaquam
885 3965 1095 4054 profluxerint.
1147 3970 1272 4044 Quas
1248 3991 1274 4028 ss

213 4161 243 4230 *)
266 4160 311 4215 Sic
328 4160 432 4214 Codex:
457 4159 504 4214 sed
526 4121 592 4214 lecto
618 4159 717 4246 capite
728 4159 812 4213 malins
829 4157 904 4208 finem
917 4154 988 4240 titpli
1004 4160 1102 4210 mutare
1119 4153 1170 4208 sic·
1186 4149 1274 4209 -ιιό·

247 4247 318 4300 ιιον,
335 4232 388 4286 soei
405 4225 556 4300 ἄρχοντος,
571 4231 599 4286 εἰ
614 4227 751 4298 dosassis,
769 4229 903 4298 placasse
920 4221 1017 4281 αδεσῦ
1127 4245 1130 4254 ·
