2948 4862
294 309 369 384 368
592 309 853 386 Lustratum
879 309 1076 382 LEGATIO

375 473 559 554 Argolicum
570 492 632 532 non
644 480 715 530 tuta
721 465 821 549 fides.-
845 467 959 549 procul
971 479 1031 528 esto
1045 471 1170 531 Latine.

380 557 515 634 Credere,
536 578 589 616 nec
602 567 726 614 mentem
737 554 836 614 verbis
848 552 989 614 adhibere
1003 566 1155 615 memento.

381 645 505 705 Vincere
519 639 593 699 dum
608 645 723 722 possit,
747 660 840 719 quam
853 650 955 697 sancte
965 641 1082 719 peierat
1097 638 1220 718 Argos!

376 731 529 787 Marmore
543 747 621 804 quae
637 727 722 782 vario
736 725 859 802 magnis
867 735 955 802 patet
968 725 1035 782 alta
1046 725 1192 801 fenestris

375 815 464 872 Haec
479 815 631 889 inaquosa
643 808 765 884 domus,
789 810 928 885 concluso
940 812 1047 888 pervia
1058 808 1129 882 eali,

375 900 508 975 Frigora
521 897 707 973 suscipiens,
729 904 845 951 nestum
860 915 912 952 nec
922 915 1016 952 saeua
1029 892 1184 972 repellens.

373 981 508 1041 Praestri
519 980 558 1036 ab
569 981 711 1038 Ausonia
722 977 938 1056 Luitprandus
953 981 987 1037 in
999 977 1071 1036 urbe
1088 977 1234 1036 Cremona

378 1065 671 1142 Constantinopolim
687 1065 777 1142 pacis
795 1066 950 1141 profectus
964 1084 1064 1121 amore

380 1151 534 1226 Quattuor
548 1151 671 1206 aestivis
686 1146 848 1208 concludor
863 1148 1014 1206 mensibus
1029 1150 1114 1206 istic:

385 1232 586 1312 Induperotor
603 1237 682 1290 enim
694 1237 813 1291 Bareas
827 1231 869 1306 80)
887 1231 1097 1291 conscenderat
1114 1232 1194 1304 Ouo,

383 1319 482 1377 Caede
494 1317 601 1392 simui,
615 1320 815 1397 flammisque
826 1317 887 1376 eibi
902 1319 970 1376 loca
985 1315 1108 1375 subdere
1123 1327 1252 1390 tentam,

381 1401 442 1462 Sed
455 1403 598 1482 precibus
611 1415 721 1462 remeat
733 1405 891 1462 Romanas
905 1406 1002 1460 victor
1015 1400 1060 1459 ad
1072 1400 1160 1458 urbes

381 1485 454 1548 lade
468 1492 549 1548 meis.
593 1491 715 1547 Nurum
728 1489 872 1567 promisit
891 1489 1022 1545 Graecia
1034 1483 1171 1562 mendax,

348 1609 354 1622 ·
383 1573 470 1650 Quae
484 1594 536 1631 neo
548 1575 730 1649 natasoret,
753 1593 806 1630 nec
822 1593 868 1628 me
880 1575 994 1630 uenisse
1005 1569 1125 1644 doleret,

380 1659 443 1716 Nec
455 1657 568 1714 rabiem
584 1657 748 1734 Morpltore
763 1667 849 1712 tunm
858 1655 1036 1734 perpendere
1050 1657 1175 1734 quirun,

377 1743 560 1819 Privignum
572 1741 732 1819 prohibes,
754 1743 810 1818 qui
822 1751 895 1797 nato
909 1743 1032 1818 iungere
1044 1739 1144 1798 ueriti.

376 1825 514 1884 Imminet
526 1847 588 1882 ecce
601 1823 666 1882 dies
675 1827 780 1902 fariis
794 1845 863 1882 cum
874 1825 987 1904 pulsus
1000 1825 1125 1900 acerbis,

379 1911 424 1967 Ni
439 1911 526 1967 Deus
538 1921 671 1984 auertat,
693 1920 755 1968 toto
771 1911 860 1967 Mars
869 1914 982 1967 saeviet
997 1909 1073 1983 orbe,

380 1994 526 2072 Crimine,
544 2016 665 2074 paxque
681 2005 734 2052 tuo
749 1997 866 2052 creastis
883 1993 1019 2073 optanda
1035 1993 1145 2052 silebit.

178 2121 209 2173 P.
226 2115 277 2176 488
294 2112 348 2172 His
372 2112 550 2192 conscriptis
572 2112 707 2172 versibus
726 2121 810 2170 sexto
831 2113 931 2174 Nonas
952 2111 1090 2173 Octobris
1112 2110 1187 2170 bore
1211 2110 1321 2171 decima
1342 2129 1387 2170 ex

185 2187 241 2244 ⁰⁰¹·
260 2194 344 2274 1illa
362 2215 512 2294 quondam
525 2213 747 2293 opulentissima
766 2223 796 2273 et
807 2214 1030 2290 florentissime,
1053 2231 1135 2272 nunc
1146 2213 1288 2292 famelica,
1309 2231 1387 2292 per-

291 2317 374 2395 iura,
393 2317 551 2386 mendace,
576 2315 694 2389 dolosa,
716 2335 837 2394 rapace,
862 2315 989 2394 cupida,
1011 2335 1119 2389 avara,
1142 2313 1293 2374 cenodoxa
1308 2313 1385 2373 civi-

291 2429 434 2479 tetecum
452 2419 580 2478 diasoste
597 2437 663 2476 meo
675 2417 766 2476 lintre
787 2435 936 2496 egressus,
955 2417 1060 2476 dicbus
1080 2415 1270 2495 quadraginta
1282 2423 1313 2472 ct
1326 2433 1386 2473 no·

291 2539 376 2594 vem,
399 2518 552 2586 asinando.
576 2518 763 2594 ambulando,
786 2519 956 2599 equitando,
979 2517 1149 2594 ieiunando,
1168 2515 1312 2594 sitiendo,
1332 2535 1387 2574 su-

291 2620 451 2700 spirando,
472 2619 590 2694 flendo,
612 2619 754 2696 gemendo
776 2621 962 2700 Naupactum
983 2619 1065 2696 veni,
1089 2637 1164 2698 quae
1185 2626 1229 2676 est
1247 2616 1388 2698 Nicopo-

291 2722 353 2780 lcos
367 2721 488 2782 civitas:
509 2720 542 2778 in
563 2739 620 2798 qua
644 2720 786 2780 diasostes
805 2741 886 2780 meus
909 2741 955 2780 me
983 2721 1117 2780 deserens
1143 2718 1257 2778 duabus
1279 2718 1386 2798 parvis

291 2823 466 2902 impositum
480 2821 605 2881 navibus
624 2820 740 2880 duobus
752 2841 799 2880 me
815 2821 1046 2899 mandatoribus,
1068 2820 1119 2900 qui
1133 2819 1322 2900 Hydruntem
1336 2839 1387 2878 me

291 2943 347 3005 per
365 2943 445 2982 mare
460 2923 675 2998 conducerent,
698 2925 926 2987 commendavit
970 2924 1080 2985 Verum
1104 2941 1173 2981 cum
1193 2921 1322 2996 entoliu,
1350 2919 1388 2978 id

293 3033 337 3086 est
352 3033 545 3104 praeceptum
561 3025 608 3084 ius
630 3025 775 3104 captionis
800 3045 816 3083 s
836 3027 1017 3086 Graecorum
1034 3023 1222 3103 Principibus
1239 3041 1302 3080 non
1324 3018 1387 3079 lm-

291 3125 411 3201 berent,
433 3125 538 3185 ubiubi
563 3128 794 3208 spernebantur:
816 3147 871 3187 nec
891 3127 950 3186 inm
966 3147 1022 3185 nos
1044 3126 1079 3184 sb
1100 3124 1191 3203 ipsis,
1212 3121 1267 3182 sed
1287 3121 1348 3202 ipsi
1368 3142 1387 3179 a

265 3225 380 3286 Bnobis
393 3227 557 3287 alebantur.
600 3227 696 3301 Quam
716 3249 803 3310 saepe
823 3229 902 3290 illud
915 3229 1123 3289 Terentianum
1142 3243 1258 3285 mecum
1273 3231 1388 3282 stoma-

293 3328 417 3392 chabar:
440 3331 550 3392 Tutore
569 3349 643 3410 opus
666 3339 726 3406 cst,
750 3350 825 3409 quos
846 3329 1013 3389 defensores
1039 3348 1135 3408 peras.
1177 3325 1271 3402 Igitur
1289 3323 1388 3384 Nonis

291 3429 417 3492 Kalend.
443 3431 577 3492 Decemb.
599 3431 785 3511 Naupactum
815 3449 961 3508 egressus,
992 3429 1083 3489 biduo
1105 3427 1144 3488 ad
1167 3425 1325 3486 Offidarim
1340 3423 1387 3504 37)

291 3529 419 3590 fluvium
439 3551 533 3610 usque
556 3533 695 3612 perveni,
717 3542 753 3591 ut
763 3527 806 3617 ³⁸)
827 3532 900 3590 meis
919 3530 1074 3590 comitibus
1093 3549 1155 3590 nou
1176 3527 1210 3586 iu
1225 3527 1388 3603 naviculis,

293 3649 367 3711 quae
382 3651 431 3690 eos
449 3651 553 3712 capere
568 3655 631 3693 non
648 3642 801 3714 poterant,
822 3633 1037 3711 residentibus,
1059 3631 1111 3692 sed
1127 3649 1211 3690 secus
1225 3629 1299 3688 litus
1317 3649 1389 3709 per·

292 3734 440 3812 gentibus.
482 3735 576 3794 Positi
590 3736 690 3815 itaque
701 3735 734 3794 in
751 3733 885 3794 Oifidaro
900 3733 1037 3809 flumine,
1059 3733 1160 3792 Patras
1175 3730 1233 3790 alio
1246 3729 1339 3788 maris
1354 3731 1389 3789 in

292 3835 381 3894 litore
401 3835 502 3894 decem
514 3845 543 3896 et
559 3847 627 3896 octo
642 3835 815 3898 milliaribus
836 3835 944 3895 distare
957 3835 1181 3914 prospeximusa
1202 3851 1289 3910 quem
1303 3831 1390 3910 Apo·

292 3937 565 4017 stolicaepassionis
579 3938 689 4014 locum,
706 3937 775 4016 quia
785 3935 1070 4016 Constantinopolim
1085 3932 1389 3996 ascendendovisits-

292 4039 404 4111 vimus,
427 4039 631 4101 adoravimus:
670 4059 753 4100 nunc
779 4057 845 4100 eum
875 4038 1046 4100 visitasset
1069 4035 1191 4098 adorere
1219 4032 1390 4112 (confiteor

326 4187 376 4255 36)
392 4189 464 4242 Fert.
478 4187 586 4255 Barim,
604 4187 660 4240 eive
682 4187 801 4241 Barium.
828 4187 909 4242 Mur.
976 4187 1026 4255 37)
1047 4183 1120 4242 Alias
1136 4183 1290 4256 Oplsidarin.
1308 4183 1389 4237 Gan.

326 4257 375 4324 88)
397 4256 482 4311 Locus
498 4257 672 4328 inperfectus.
702 4257 785 4310 Mur.
