2746 5242
347 759 392 828 ut
412 755 656 828 THEODOSII
675 755 910 828 ACROASHS.
1103 745 1182 826 569

166 922 219 988 23.
240 919 426 998 Asleprrd'r,
449 913 623 1000 βιλεβιτόν]
644 915 855 978 Delemitarnnr
883 913 1003 978 nomine
1020 917 1181 990 Saracenos

48 1045 52 1050 -
79 1007 189 1088 procul
203 1005 295 1064 dnbio
308 1003 408 1063 innuit
420 1001 623 1078 Theodosium
645 1011 674 1062 et
685 1002 763 1062 forte
775 1001 835 1062 boc
850 1021 958 1060 nomen
972 1001 1061 1062 duxit
1074 1025 1091 1062 s
1103 1001 1183 1066 Dbs-

78 1091 156 1166 lem,
179 1089 233 1170 qui
253 1089 368 1169 primus
386 1086 558 1166 religiosum
576 1085 724 1166 quendem
748 1088 864 1148 cultum
886 1087 966 1146 inter
981 1087 1093 1148 Arabas
1109 1109 1182 1150 oon·
1241 1129 1244 1137 ·

79 1176 187 1235 stituit.
228 1173 322 1236 Ludit
343 1182 442 1232 antem
464 1172 497 1232 in
517 1171 631 1248 verbis,
661 1172 813 1252 inquiens,
836 1171 962 1232 Romani
983 1171 1059 1254 Imp.
1079 1173 1182 1248 telum,

81 1261 163 1340 quod
180 1259 292 1318 Graece
316 1257 402 1340 βέλος
425 1257 555 1335 dieitur,
577 1267 773 1318 commutasse
786 1257 998 1318 Delemitsrum
1018 1277 1128 1318 nomen
1148 1259 1183 1318 in

79 1344 239 1404 Belebites.

165 1467 217 1529 27.
242 1460 378 1542 Χαυδᾶς]
401 1461 450 1521 Sic
464 1461 582 1521 Codexr
604 1460 654 1520 elil
673 1469 771 1520 autem
791 1461 951 1540 scriptores
966 1455 1090 1540 Χᾶβδας
1104 1457 1182 1520 scri-

80 1546 165 1609 bunt
195 1548 289 1606 Porro
307 1547 450 1622 chaonas,
466 1567 528 1621 seu,
550 1555 585 1604 ut
602 1547 799 1605 continuator
810 1545 999 1626 Theophanis
1013 1567 1048 1605 ac
1063 1545 1183 1622 Simeon

78 1632 220 1709 Magister
247 1631 401 1709 scribunt,
427 1632 594 1691 Chambdos
620 1631 680 1691 fuit
698 1629 819 1710 Chalepi
842 1630 981 1690 dominus
1003 1640 1033 1691 et
1048 1630 1182 1704 Ameres,

79 1737 168 1796 quem
189 1739 206 1774 a
221 1717 317 1776 Leone
334 1717 431 1777 Phoca
444 1719 575 1798 primum
589 1716 736 1776 domitum
756 1725 858 1795 postea
878 1715 1080 1794 Nicephorus,
1103 1715 1183 1774 Cbs-

78 1803 146 1881 lepe
159 1822 271 1882 eversa,
287 1803 406 1884 penitus
423 1803 550 1882 subegit.
579 1800 709 1876 Videsis,
723 1821 798 1882 quse
811 1801 906 1862 fusius
919 1801 953 1860 in
965 1799 1080 1861 Honito
1094 1819 1183 1882 prae·

78 1887 135 1958 iffi
155 1907 269 1949 sumus.

164 2009 215 2072 30.
240 2003 410 2089 Παρὲσχου]
431 2001 484 2065 ‘Sic
499 2005 575 2065 bene
591 2003 709 2065 Codex:
732 2002 888 2064 Cornelius
902 2003 1002 2064 nescio
1018 2025 1076 2085 qne
1093 2024 1182 2065 causa

79 2091 298 2152 emendandum
320 2091 477 2152 adnotavit
491 2090 632 2174 παρὲχες,
655 2091 736 2170 quod
755 2091 895 2166 verbum,
917 2089 975 2148 nisi
991 2111 1074 2150 error
1086 2099 1181 2170 typo-

79 2174 193 2256 grapho
209 2177 248 2235 sit
261 2177 448 2254 tribuendus,
465 2197 521 2236 neo
533 2177 608 2236 bene
617 2175 737 2258 quidem
756 2196 788 2235 se
802 2173 893 2235 hebet
905 2175 1068 2236 secundum
1077 2175 1182 2236 Gram-

85 2261 206 2321 matices
222 2262 349 2340 regulos.

162 2383 215 2444 81.
238 2376 422 2458 Πολυξένης]
444 2378 573 2436 Fallitur
592 2376 786 2442 llreodosius.
830 2381 932 2458 Neque
950 2380 1120 2460 Polyxenus
1142 2379 1181 2440 ed

78 2461 207 2525 Achillis
232 2463 383 2522 tumulum
404 2461 601 2538 occisionem,
623 2481 720 2542 neque
739 2461 846 2523 Troiae
862 2463 1016 2524 excidium
1034 2465 1182 2526 Homerus

81 2547 177 2608 deseri
217 2547 249 2607 “.

166 2556 467 2728 8Ρ5111Μυθοπλόκου]
491 2645 542 2706 Sic
566 2667 605 2707 ex
628 2645 737 2708 Codice
760 2647 895 2708 restitue.
938 2645 1094 2708 Cornelius
1106 2646 1184 2708 mals

78 2733 176 2796 edidit
190 2727 370 2817 μυθοπλόη,
391 2743 422 2794 et
435 2732 565 2793 coniecit
583 2753 646 2793 esse
661 2733 871 2812 corrigendum
886 2728 1098 2814 podonldrov.

164 2859 214 2922 86.
238 2847 424 2932 nosseque]
445 2851 491 2912 lta
504 2852 610 2912 melius
623 2853 663 2912 ad
676 2839 766 2912 fidem
782 2851 901 2912 Codicis
912 2852 992 2932 leger
1014 2844 1182 2932 πανσόφος

58 2957 59 2960 ’
78 2937 176 3017 enim,
199 2949 235 3000 ut
249 2939 406 2998 Cornelius
422 2933 533 3014 edidit,
554 2957 617 2997 non
635 2937 711 2998 bene
723 2958 755 2998 se
767 2936 868 3000 babet.

163 3062 215 3126 37.
235 3057 269 3121 ‘0
285 3051 406 3140 πηρός]
435 3058 562 3117 Caecum
588 3055 754 3118 Homerum
772 3057 918 3139 appellat,
946 3055 1095 3140 plurimos
1117 3065 1184 3116 turn

82 3145 213 3204 Graecos
234 3154 299 3203 tum
323 3143 443 3202 Latinos
464 3142 626 3223 scriptores
645 3143 795 3220 imitatus,
823 3163 951 3224 qnorum
979 3140 1121 3203 nonnulli
1143 3161 1183 3201 ex

79 3229 140 3290 boo
162 3230 266 3288 morbo
280 3231 450 3288 Homerum
467 3228 558 3289 luisse
578 3229 691 3288 dictum
708 3237 831 3309 putant,
854 3249 945 3308 quum
961 3239 1048 3288 antea
1061 3227 1182 3296 Melesi-

78 3333 166 3392 genes
184 3322 361 3374 vocaretur:
383 3309 532 3396 Ὁμήρους
549 3314 628 3374 enirn
654 3314 740 3374 Iones
756 3324 791 3374 'et
807 3315 928 3374 Comaei
949 3335 1051 3374 caecos
1074 3313 1181 3394 appel-

77 3400 151 3460 lant.
196 3399 309 3459 Verum
323 3399 360 3458 de
374 3399 495 3460 Homeri
511 3401 650 3460 coecitate
664 3400 802 3476 consule,
825 3421 901 3480 quse
925 3400 1020 3478 fusius
1041 3419 1077 3458 ac
1100 3399 1180 3459 mul·

77 3483 178 3544 tilerias
187 3485 355 3545 eruditione
366 3485 506 3544 disseruit
520 3487 579 3544 Leo
594 3485 719 3545 Allstius
731 3486 768 3546 de
780 3487 880 3546 Patria
892 3485 1015 3548 Homeri
1029 3505 1096 3564 cap.
1113 3503 1181 3546 vm.

164 3603 215 3668 40.
242 3605 304 3664 Tot
325 3594 412 3684 Διός]
435 3601 516 3660 Inter
534 3601 637 3682 plures
658 3603 805 3682 populos,
825 3603 878 3683 qui
902 3603 959 3664 sibi
975 3601 1057 3660 lovis
1070 3601 1181 3660 natalia

78 3687 260 3762 tribuerunt,
283 3687 436 3746 Cretenses
452 3685 639 3765 potissimum
652 3689 688 3745 de
709 3686 747 3746 iis
765 3687 918 3767 superbire
934 3687 1050 3764 solitos,
1070 3705 1119 3746 res
1135 3693 1182 3746 est

79 3771 154 3831 adeo
167 3771 359 3852 pervulgata,
381 3779 417 3830 ut
430 3770 508 3828 nihil
522 3769 573 3829 bic
584 3771 694 3832 eddere
708 3791 784 3851 opus
798 3771 848 3833 sit.

164 3895 216 3958 41.
237 3885 313 3964 Διδς
324 3883 486 3970 τυράννου]
502 3889 685 3950 Theodosius
700 3899 841 3969 sequutus
855 3889 1032 3950 sententiam
1046 3886 1178 3966 videtur,

73 3975 184 4046 ‚lovem
198 3975 324 4036 eundem
338 3976 428 4034 inisse
444 3996 479 4034 ac
491 3975 607 4052 Picum,
631 3976 683 4055 qui
697 3976 730 4034 in
739 3976 876 4057 Assyrios
889 3975 1080 4056 tyrannicum
1095 3993 1181 4034 exer·

80 4081 152 4122 cens
168 4060 337 4142 imperium,
363 4060 540 4140 flagitiisque
555 4060 736 4139 turpissimis
744 4081 868 4140 regnum
886 4081 975 4122 suum
985 4059 1181 4135 dedecorare,

75 4147 193 4230 populo
209 4147 361 4224 persuasit,
375 4149 410 4205 ut
427 4165 495 4205 eum
511 4146 608 4206 veluti
618 4147 711 4206 lleum
724 4147 926 4227 praedicereta
941 4167 977 4206 ac
990 4165 1083 4226 quum
1101 4143 1181 4204 diem

77 4251 167 4290 suum
181 4231 317 4306 obiisset,
341 4231 444 4291 Cretae
454 4231 605 4311 sepultus,
627 4231 745 4292 divinos
760 4231 901 4313 deinceps
913 4231 1041 4294 honores
1054 4228 1107 4291 sub
1124 4229 1179 4288 Jo-

76 4313 127 4375 vis
141 4315 340 4394 appellatione
356 4326 463 4375 neotus
480 4326 533 4376 est.
574 4315 701 4396 Videris,
723 4337 800 4398 quae
817 4319 883 4380 fuse
894 4326 1012 4381 enarrat
1025 4315 1177 4377 Gedrenus

76 4399 112 4462 in
135 4400 238 4480 Comp.
256 4401 367 4461 Hister.
390 4405 441 4466 16.
466 4407 517 4466 17.

100 4597 104 4608 1
163 4519 214 4586 43.
237 4512 368 4600 Στήγας]
388 4519 469 4579 Huic
481 4519 552 4579 voci
568 4520 670 4580 nullus
687 4541 789 4582 sensns
806 4523 903 4603 aptari
918 4529 1027 4603 potest.
1068 4521 1181 4581 Corne·

76 4603 136 4666 lius
150 4605 286 4667 emendet
299 4603 400 4688 στέγα,
423 4624 481 4683 qna
494 4615 592 4665 tamen
606 4607 723 4668 ratione
744 4617 774 4667 et
798 4628 858 4688 quo
880 4627 988 4684 sensu,
1008 4625 1072 4667 non
1085 4607 1181 4668 intel-

76 4689 147 4769 ligo.
200 4689 349 4773 Equidem
374 4690 554 4769 corrigerem
574 4691 693 4772 στέξας,
723 4693 797 4754 sdeo
821 4699 855 4752 ut
875 4684 917 4775 ἦν
935 4691 1039 4770 erling
1064 4693 1181 4754 indicet
