2714 5138
340 597 345 607 ἲ
475 630 735 702 ιιιιιιιιο.
1096 648 1168 700 xm
1232 631 1235 636 ·

26 784 325 855 leuisinllutitiis
343 787 433 854 Mas.
448 790 583 868 editum,
604 761 718 874 optare,
738 799 774 853 ut
786 791 916 877 scriptor
929 795 1055 858 totusin
1067 795 1167 860 lucem
1295 828 1296 831 ¹

29 895 199 979 palmatum.
224 902 383 954 sumtus
406 894 595 954 necessarios
618 894 744 955 eundem
763 896 1067 963 subministraturum.
1108 899 1167 964 Mi-

32 996 98 1060 rlice
115 996 217 1076 igitur
245 995 450 1057 delectatus
467 995 529 1056 huc
547 996 674 1068 nuncio,
695 971 792 1057 mullo
804 998 900 1058 serius
913 1000 1010 1060 exorsi
1025 1002 1063 1062 sd
1076 1002 1167 1084 cupi-

37 1102 141 1163 ditatem
167 1098 326 1159 edendi
330 1099 460 1181 operis.
492 1098 643 1178 ipsiusque
664 1097 774 1159 illustr.
798 1099 923 1159 Comitis
946 1100 1053 1162 litteris
1072 1105 1165 1185 paulo
1284 1153 1294 1172 ,

41 1200 200 1286 psetmsgis
218 1201 335 1261 etiam
351 1201 564 1278 confirmatus,
576 1201 718 1284 evestigio
730 1221 894 1263 onussum
907 1203 1080 1267 editionem.
1108 1207 1165 1266 Ne·

47 1326 90 1387 que
104 1305 234 1365 aliunde
259 1303 537 1385 amplissimorum
566 1300 724 1362 hominum
747 1302 822 1363 milui
842 1303 939 1365 defuit
960 1305 1095 1366 studium
1114 1317 1165 1368 sut
1246 1298 1247 1303 ι

49 1410 176 1472 uoluntas.
224 1408 323 1468 Nam
340 1417 378 1467 et
391 1407 443 1467 vir
456 1424 589 1465 summus
605 1405 710 1464 Comes
725 1424 765 1464 uu
779 1425 1002 1485 nonmomou,
1023 1409 1166 1470 Francius

53 1532 108 1593 par,
124 1510 213 1590 lingis
230 1508 502 1570 Christianissimi
524 1506 711 1568 consiliarius
733 1507 872 1586 intimus,
895 1529 964 1569 cnm
976 1510 1165 1571 administra·

58 1613 378 1689 tioueminteriorem,
399 1619 436 1672 ut
449 1630 532 1670 nunc
543 1628 697 1685 vocamus,
717 1608 751 1667 in
765 1608 862 1667 Gallia
875 1607 1007 1689 haberet,
1028 1613 1163 1674 rademto

65 1716 278 1798 exemplarium,
291 1724 337 1775 nt
353 1713 451 1790 aiunt,
464 1731 588 1774 numero
601 1709 684 1771 haud
696 1709 812 1789 exiguo,
828 1713 1080 1792 expeditissimum
1095 1713 1163 1776 red-
1197 1702 1200 1708 ¹

55 1818 221 1880 *duantum
247 1815 460 1898 imprimendi
475 1811 628 1893 negotium
643 1813 781 1893 dignatus
794 1823 855 1895 ests
876 1836 964 1895 quem
977 1815 1041 1876 eius
1055 1817 1163 1877 uolun-

67 1931 137 1983 utem
147 1933 250 1983 ratsm
270 1919 354 1980 fecit
366 1927 438 2000 post
448 1937 516 1977 eum
530 1914 633 1977 eodem
647 1935 770 1977 munere
781 1916 906 1996 frangens
915 1918 958 1978 ill
968 1919 1051 1979 llom.
1059 1920 1164 1980 Comes

62 2024 191 2102 liumus,
199 2035 265 2086 etc.
272 2020 484 2083 immortalem
496 2017 809 2098 hudpmcompusns,
817 2019 888 2080 dum
901 2021 1014 2080 litteras
1027 2021 1163 2081 atscien·
1214 2072 1218 2081 ,

61 2128 120 2205 tiss,
134 2129 329 2205 omninoque
343 2124 437 2183 bonas
453 2119 572 2201 quasvis
585 2119 759 2214 disciplinas
772 2121 938 2182 inFrsucis
951 2121 1060 2184 llorere
1074 2132 1164 2203 atque

64 2229 158 2293 ornari
177 2229 264 2289 omni
277 2234 394 2286 conatu
411 2233 512 2283 curate
534 2232 564 2283 st
576 2223 625 2282 ιιι
641 2221 824 2300 eruditione,
847 2225 1039 2303 auctoritate,
1059 2226 1164 2287 ιιιιιι-

64 2331 137 2390 trbus
157 2327 434 2402 eminentissimus,
457 2324 610 2385 doctrinae
637 2323 798 2384 orientalis
819 2345 875 2405 per
895 2327 997 2388 orbem
1016 2337 1165 2388 terrarum

69 2433 216 2512 princeps,
233 2433 313 2492 liber
322 2431 403 2489 Baro
418 2430 584 2487 Ssuvssuse
598 2446 637 2486 us
652 2429 750 2511 ὃιιοι,1
763 2429 873 2488 liector
887 2430 1090 2491 universitatis
1105 2431 1165 2489 Pa-

74 2534 216 2609 risiensis,
236 2529 434 2593 institutionis
456 2521 592 2610 publicae
613 2528 837 2590 constituendae
851 2530 941 2602 Vtin,
962 2533 1076 2593 ordinis
1090 2535 1163 2611 lieg.

73 2636 201 2715 legionis
207 2634 338 2696 bonerii.
353 2632 534 2713 praefectus,
549 2629 727 2689 Academiae
740 2633 810 2710 Reg.
820 2632 971 2713 Inscriptt.
986 2633 1164 2698 etlittersrr.

66 2737 181 2799 lumen.
211 2729 309 2799 sodal.
328 2744 387 2798 etc.
414 2733 588 2793 interventu
608 2751 662 2791 suo
685 2731 828 2810 obtinuit,
856 2743 891 2793 ιιι
912 2734 944 2794 in
965 2733 1165 2819 typographis

66 2840 152 2919 Regis
166 2842 226 2900 leo
242 2836 384 2900 formulis
400 2835 625 2912 describeretur.
652 2834 707 2913 Its,
726 2832 774 2895 luis
787 2837 929 2918 auspiciis
942 2839 1072 2919 incepta,
1083 2838 1165 2898 bien.

65 2944 106 3003 nii
120 2945 219 3024 spatio
230 2943 271 3001 sd
286 2940 403 2999 exitum
416 2937 546 2998 adducta
557 2937 711 3019 impressio
726 2948 784 2999 est:
807 2940 921 3000 tardius
936 2942 1059 3002 somme
1074 2960 1164 3020 quam

63 3046 217 3124 solebam,
247 3041 371 3121 obsequi
402 3041 544 3100 continuo
577 3040 670 3100 tantis
694 3040 770 3101 viris
791 3042 1039 3103 iucundissimum
1057 3041 1165 3103 existi-

64 3167 168 3207 mans:
189 3145 261 3205 satis
273 3143 383 3221 cito,si
397 3144 506 3203 molem
521 3145 683 3204 voluminis
698 3135 911 3226 difficileque
923 3139 1070 3230 rationem
1083 3164 1163 3204 cem·

63 3249 206 3310 mentsrii
227 3251 495 3325 characterumque
509 3234 691 3307 Graecorum
706 3257 830 3328 spectes.

147 3350 187 3414 V.
205 3349 302 3408 Venio
324 3368 408 3408 nunc
429 3348 466 3408 ad
488 3368 613 3428 eaquae
635 3358 774 3409 constant
789 3349 904 3411 devita
922 3351 1044 3428 Leonis,
1066 3344 1166 3431 pauca
1183 3351 1215 3405 Ρ.
1232 3353 1276 3405 vu

62 3472 144 3537 sane,
166 3471 223 3511 nec
236 3450 354 3511 diversa
372 3452 434 3510 sera
449 3450 544 3529 abiis,
567 3471 642 3529 quae
652 3451 759 3511 Notitt.
773 3452 845 3513 Mss.
861 3452 943 3513 Vlll.
961 3454 1032 3535 257.
1051 3452 1084 3514 C.
1099 3452 1162 3532 pri-

62 3555 132 3616 dem
151 3553 278 3635 protuli.
320 3551 421 3611 Vitam
442 3553 500 3627 Leo
522 3552 718 3629 adducunt,
741 3575 816 3633 quse
832 3555 938 3614 civitas
955 3563 999 3613 est
1015 3553 1081 3634 (τῆς
1098 3558 1162 3616 Kn-

65 3661 182 3736 ιοητῶι
206 3649 319 3728 adiens·
339 3654 380 3713 Le
403 3654 500 3728 Quian
522 3655 637 3719 Orient‘.
659 3654 768 3718 Christ.
783 3657 806 3716 l.
821 3662 893 3724 726.
908 3656 962 3735 C.)
986 3655 1070 3715 Asiae
1086 3676 1161 3737 pro-

71 3737 235 3817 consularis
252 3757 286 3815 in
297 3758 402 3817 Tmolo
417 3767 531 3834 monte,
553 3777 647 3837 prope
657 3758 771 3818 fontem
785 3759 902 3839 Caystri
915 3758 1009 3818 amnis
1024 3754 1116 3836 (intra
1129 3764 1161 3825 2.

19 3940 20 3943 Ἴ
72 3856 126 3937 ὓ)ι
143 3860 170 3918 is
185 3868 303 3920 nactus
319 3858 415 3918 omnis
427 3858 552 3919 themati
567 3859 779 3920 Thracensium
791 3871 863 3920 tune
878 3862 1097 3921 accensebatur.
1119 3861 1163 3920 Da

69 3970 225 4040 parentum
244 3960 416 4054 conditione
438 3978 499 4021 non
520 3961 663 4023 habemus
685 3964 767 4043 quod
790 3964 913 4042 liqueat:
953 3964 1032 4043 patri
1052 3981 1163 4027 nomen

65 4060 173 4122 Basilii
191 4062 280 4123 luisse
296 4063 362 4144 ipse
379 4063 421 4122 ait
434 4071 463 4130 2,
480 4064 514 4124 B.
555 4066 600 4125 Ac
614 4065 742 4147 primam
756 4064 877 4145 quidem
890 4066 1049 4125 aetatulam
1063 4065 1096 4124 in
1111 4084 1164 4144 ps.

63 4163 126 4225 tris
153 4176 368 4246 parentumque
396 4165 552 4246 disciplina
578 4169 700 4231 videns
722 4166 866 4244 exegisse:
900 4166 971 4227 inde
995 4166 1163 4226 studiorum
1288 4229 1294 4244 ,

64 4286 155 4326 osnes
177 4267 466 4348 Constantinopolim
482 4277 627 4350 tanquam
646 4257 684 4330 sd
703 4267 828 4329 'domum
843 4268 992 4349 quandam
1009 4268 1162 4328 doctrinae

64 4370 227 4449 proiectus,
249 4371 292 4431 ibi
307 4395 332 4433 a.
344 4378 417 4441 966.
432 4393 527 4436 mens.
540 4373 636 4454 April.
652 4393 738 4432 sacro
751 4370 866 4430 solenni
880 4370 1078 4447 Ascensionis,
1099 4388 1162 4428 mo·

65 4479 103 4529 tn
126 4474 265 4554 populari
287 4475 321 4535 in
339 4473 544 4554 Nicephorum
563 4472 685 4550 effecto,
713 4461 922 4554 imperatorem
946 4470 1090 4551 gradatim
1108 4490 1163 4552 per
1269 4540 1270 4546 ἵ
1309 4527 1313 4533 .

66 4572 169 4637 urbem
190 4578 287 4656 equits
343 4585 346 4596 '
393 4577 568 4659 conspexit,
588 4576 788 4658 virtutemque
806 4573 869 4634 eius
888 4584 918 4635 et
931 4573 1023 4635 animi
1034 4573 1182 4634 firmita·'

136 4673 186 4730 laco
200 4678 301 4733 masso
366 4672 367 4682 ³
