2722 5272
166 759 227 826 DE
248 757 405 828 EXPED.
426 756 765 844 SYR.NlC.P1·lOC.
786 761 846 828 ET
867 761 924 834 10.
945 764 1065 833 TZlM.
1107 758 1182 836 391
1239 833 1240 836 ,
1319 761 1324 774 ’

82 939 213 996 norum,
241 917 300 978 hoc
330 917 451 995 audito,
482 917 605 1001 domum
629 939 782 982 reversum
800 939 880 996 eaae3
908 921 1020 984 factum
1039 943 1102 986 eaae
1123 924 1183 988 hoc

83 1041 165 1104 anno
186 1021 250 1087 858
271 1039 372 1080 manae
393 1018 579 1098 Muharram3
610 1021 719 1082 deinde
735 1021 1007 1103 Saahdaddaulam,
1031 1028 1183 1090 sociorum

80 1143 175 1186 manu
188 1123 325 1194 collecta,
346 1142 447 1184 menae
458 1122 650 1184 llamadhano
663 1123 810 1184 Halebum
824 1145 1008 1206 oppugnasse
1019 1136 1049 1187 et
1060 1148 1183 1190 manum

80 1245 152 1286 cum
174 1223 351 1306 Karghujah
373 1235 404 1285 et
420 1225 570 1306 Bacdjmo
591 1226 794 1300 concernieee3
816 1235 882 1288 tum
901 1228 1031 1310 pergite)
1053 1229 1182 1312 Scripsit

80 1326 189 1388 deinde
202 1327 378 1409 Karghujah
393 1327 432 1388 ad
452 1329 601 1388 Romanoa
620 1337 649 1388 et
662 1328 825 1389 Patricium
838 1331 1002 1411 quendam,
1024 1331 1078 1412 qui
1093 1332 1127 1392 in
1139 1332 1180 1392 fi-

79 1429 171 1490 nibne
194 1428 317 1492 ditionia
334 1431 484 1490 Romanae
498 1430 690 1509 versabatur,
713 1431 850 1509 rogavit,
871 1442 908 1492 ut
925 1433 982 1494 eibi
997 1433 1109 1494 auxilio
1124 1455 1179 1496 ve·

78 1531 169 1594 niret.
215 1531 291 1610 Hic,
325 1553 403 1594 unua
431 1531 637 1594 eunuchorum
661 1532 839 1614 Nicephori,
872 1535 994 1596 nomine
1023 1535 1177 1615 Thorbaai,

79 1633 184 1716 copiae
198 1633 314 1711 eduxit,
335 1643 403 1696 tum
417 1644 517 1694 anum
529 1632 588 1694 iter
600 1633 791 1696 Antiochiam
801 1655 905 1696 vereue
918 1637 1040 1699 deflexit
1051 1649 1179 1738 propter

78 1735 161 1798 hanc
179 1757 314 1798 causeam
322 1739 437 1830 ,quod
456 1739 537 1798 iuter
551 1735 762 1816 imperatorem
784 1739 985 1802 Romanorum
993 1763 1118 1824 ,quum
1140 1741 1176 1820 ia,

78 1859 180 1900 aecum
194 1819 307 1900 ducene
330 1841 465 1922 captivae
487 1849 517 1900 ct
532 1837 689 1920 praedam,
710 1847 746 1898 ut
761 1859 851 1922 aupra
869 1789 1014 1904 tradituah
1029 1852 1089 1920 eet,
1111 1844 1177 1902 Bu-

77 1941 137 2002 kae
149 1940 177 2016 *l
197 1951 382 2018 verteretur,
412 1951 442 2003 et
462 1941 576 2000 incolae
595 1939 685 2000 huiue
704 1941 805 2020 urbia,
828 1943 882 2024 qui
904 1943 1065 2004 clamationi
1081 1953 1175 2021 erant,

79 2044 287 2120 convenicaet,
308 2051 345 2102 ut
364 2041 397 2102 hi
420 2041 611 2102 Antiochiam
631 2040 809 2122 migrarent,
839 2045 1013 2106 simulanter
1034 2065 1066 2106 aa
1090 2054 1174 2106 metu

76 2147 280 2208 Romanorum
295 2143 448 2206 domicilia
467 2143 639 2224 reliquieac,
659 2142 702 2202 ita
718 2154 754 2204 ut
768 2145 839 2206 irtio
852 2146 1020 2207 habitante·
1034 2147 1176 2207 Romanis

75 2247 271 2310 Antiochiam
288 2246 445 2308 obsidione
466 2244 637 2327 petentibue
655 2243 694 2302 ad
713 2249 820 2310 urbem
836 2248 1066 2333 expugnandam
1085 2246 1176 2308 auxi-

75 2351 156 2412 lium
175 2352 297 2412 ferrent.
340 2349 408 2424 Quo
427 2350 508 2408 facto
524 2347 647 2407 coucilia
662 2367 731 2408 cnm
743 2351 921 2413 Christiania
934 2348 1110 2412 Antiochiae
1122 2348 1175 2408 in-

75 2453 152 2514 colia
176 2453 358 2513 coniunxere
378 2459 408 2510 at
424 2447 622 2510 Thorbaeium
643 2449 799 2512 certiorem
823 2455 937 2530 fecere,
958 2472 1090 2534 vacuang.
1110 2471 1174 2512 aare

73 2555 182 2616 urhem
197 2564 228 2614 et
241 2553 394 2635 praefacto
410 2551 592 2616 deatitutam.
633 2552 753 2614 Incolae
773 2563 872 2614 autem
889 2553 973 2614 urbia
986 2551 1173 2614 Muhamme·

74 2655 457 2718 danimuroadeaeruerant
470 2663 500 2714 ct
510 2655 830 2734 negligentioreaerant
841 2655 956 2716 iuurhe
970 2651 1173 2731 custodienda,
1236 2723 1238 2726 ¹

75 2779 170 2840 quum
187 2757 336 2820 exercituo
355 2759 506 2818 llomauuo
528 2759 567 2820 ad
591 2759 645 2820 XL
665 2757 778 2834 millia,
807 2757 933 2818 ducihua
956 2755 1120 2818 Thorhaaio
1142 2768 1173 2816 ct

72 2858 555 2936 lanian-hen-Sohomeachkik,
584 2859 794 2940 aggrederetur
814 2869 845 2920 et
866 2857 1057 2920 Antiochiam
1084 2857 1172 2918 obei-

72 2961 164 3038 dione
176 2962 318 3041 cingeret.
354 2961 474 3021 incolae
484 2962 586 3022 Bukae
598 2962 635 3021 nb
648 2983 683 3022 ea
696 2981 785 3041 quam
798 2969 960 3022 tennerunt
971 2959 1081 3022 aummi
1093 2959 1172 3020 muri

71 3074 160 3148 parte
174 3064 395 3124 deaeenderunt
406 3072 436 3122 et
445 3065 562 3124 moenia
573 3064 658 3126 urbia
668 3083 763 3123 vacua
772 3063 971 3143 reliquerunt;
992 3075 1058 3124 tum
1070 3083 1172 3124 aecen-

73 3169 182 3228 derunt
197 3165 324 3227 Romani
340 3175 372 3226 et
386 3165 461 3226 urbe
476 3167 566 3246 potiti
587 3176 667 3229 aunt.
710 3167 833 3226 Factum
849 3163 909 3226 hoc
926 3175 973 3226 eat
987 3175 1076 3227 nocte
1093 3165 1172 3232 182·

71 3270 183 3332 menaie
201 3267 409 3349 Deulhidjdjae
426 3269 498 3328 anni
516 3272 589 3336 358.
638 3271 838 3330 Peuetrarunt
857 3267 985 3332 Romani
1004 3268 1038 3328 iu
1055 3267 1170 3340 urbem,

72 3373 302 3434 combuaeerunt
324 3381 355 3432 et
373 3372 508 3452 captivos
532 3371 687 3452 fecerunt,
716 3371 775 3432 fuit
796 3380 892 3442 autem
911 3391 974 3432 nox
994 3367 1170 3430 nativitatia.

73 3476 176 3550 Quum
190 3473 318 3534 Romani
332 3483 465 3534 montem
485 3473 570 3534 urbia
588 3473 807 3552 aecuadieaent,
829 3472 1053 3555 prehenderunt
1070 3480 1171 3532 cuato-

72 3577 126 3638 dee
152 3585 183 3636 et
205 3575 246 3634 eia
270 3573 433 3636 dixerunt:
460 3575 620 3653 „Laudato
644 3586 674 3637 et
692 3576 863 3660 praedicata
881 3577 975 3636 Deum
999 3573 1170 3653 magnum.''

72 3679 136 3753 Qui
149 3678 210 3738 hoc
225 3699 288 3738 non
307 3677 429 3757 iecerit,
449 3676 534 3738 hunc
548 3678 773 3742 iuterfecerunt.
818 3677 962 3736 Cuatodee
978 3675 1080 3754 itaque
1095 3695 1171 3754 pro-

72 3783 257 3842 clamarunt:
277 3779 422 3859 „ltiagnue
434 3789 479 3840 eat
487 3781 565 3840 Deua
577 3799 674 3860 nequa
688 3781 767 3842 Deua
780 3788 827 3838 eet
838 3787 957 3860 praeter
972 3774 1074 3838 eum.’'
1103 3776 1170 3850 Qua

71 3883 195 3964 quidem
209 3887 247 3945 re'
259 3883 398 3965 impediti
413 3891 484 3942 aaut
496 3881 621 3960 incolae,
642 3902 700 3963 quo
715 3882 812 3942 minue
826 3899 1043 3942 rerumrerum
1058 3887 1170 3938 alatum

33 4055 36 4058 ,
69 3987 351 4060 aniuaadvcrtcrent,
367 3984 464 4045 donec
476 3985 601 4044 Romani
614 3983 752 4044 omnihue
763 3981 896 4042 turrihue
909 3980 998 4063 potiti
1012 3979 1126 4040 fuerint
1138 3986 1169 4037 et
1213 4009 1215 4016 ·

70 4109 174 4150 omnea
190 4109 252 4148 uua
268 4089 430 4148 clamorem
449 4085 607 4148 ediderint.
651 4087 778 4158 Omuee,
800 4085 854 4165 qui
874 4085 914 4144 ad
932 4092 1049 4166 portam
1062 4070 1169 4160 Aldie-

68 4211 131 4251 nan
146 4183 295 4274 (hortum)
317 4189 428 4248 dictam
441 4189 599 4270 pervenire
620 4188 840 4270 properabant,
863 4189 976 4268 captivi
1001 4183 1072 4245 lacti
1088 4188 1168 4242 aunt.

68 4293 198 4352 Caterva
214 4301 331 4366 autem,
353 4309 429 4369 quae
451 4290 491 4350 ad
510 4301 629 4372 portam
647 4291 738 4352 maria
756 4311 788 4352 ee
809 4297 1055 4371 congregaverat,
1082 4305 1168 4364 repa·

66 4393 140 4474 gula
151 4393 285 4453 removit
296 4401 327 4451 et
341 4390 400 4451 hoc
416 4392 505 4452 modo
518 4393 678 4454 incolumia
693 4393 798 4456 evaait.

154 4493 308 4554 Romani'
298 4514 333 4554 ur
344 4505 446 4556 monte
459 4495 542 4556 urbia
557 4515 656 4557 arcem
671 4504 888 4558 memmerunt
901 4503 930 4555 ct
942 4463 1107 4554 maximum
1121 4487 1169 4548 ia-

67 4615 144 4658 num
169 4595 246 4658 auile
263 4597 418 4678 fecerum,
440 4597 567 4724 posthac
578 4609 678 4660 tamen
689 4598 857 4681 patriarcha
872 4618 907 4660 eo
920 4599 989 4658 loco
1007 4613 1065 4676 pro
1079 4589 1170 4652 horto

104 4746 132 4817 )
147 4747 192 4802 Ex
208 4745 331 4815 hocloco
343 4753 456 4834 apparet
469 4713 591 4804 mendose
609 4765 702 4808 nomen
723 4748 847 4824 accipiam
864 4765 922 4804 eaeo
934 4764 978 4822 ap.
993 4743 1170 4816 Abulplmg·

139 4809 247 4888 pauc,
262 4815 392 4875 abihooa
404 4818 511 4891 lagiton
528 4818 558 4876 h.
