2730 5152
329 748 332 755 y
408 660 646 738 ''HISTORIAE
666 665 751 740 VIII·
778 678 807 744 1·
1086 663 1168 744 129

13 822 15 851 ³
102 823 186 895 λάεσσι
204 824 234 902 ίς
252 822 292 893 τδ
313 821 544 914 μεγαλειδτριρον
564 828 615 892 καλ
630 823 826 916 εὐαγέστερον
847 829 880 895 ίκ
896 827 1032 920 βάθρων
1052 842 1327 914 τοῦτονκλί.·6480

13 933 16 947 ”
101 933 255 1011 οἰκοδομεῖν,
282 933 349 991 τῶν
370 929 479 1030 γεισιον
496 928 590 1005 αάτδς
611 933 804 1013 σχηματίσας
824 931 879 998 τόν
897 937 1093 1023 περίμετρον·
1128 939 1164 1005 ῦν
1172 924 1308 1048 Αωὲὲξὶ

13 1038 17 1078 s
99 1037 129 1108 είς
144 1038 223 1096 τοῦτο
245 1027 376 1110 κάλλος,
405 1032 446 1104 είς
468 1028 485 1095 ὃ
505 1039 560 1098 νῦν
582 1027 709 1117 δρᾶται,
736 1037 789 1098 καλ
808 1033 975 1120 μίγεθοςῆ
997 1039 1110 1107 ἐκείνου
1132 1043 1164 1118 ἓξ
1193 1028 1287 1115 'tia

98 1135 223 1208 διανοίας
239 1130 322 1206 τινὸς
340 1131 463 1227 σπουδὴ
482 1136 533 1198 καλ
548 1134 712 1218 ἓπίσκηφις
732 1134 856 1220 ἤγειρεν.
893 1138 1033 1204 ἐντεῦθεν
1048 1144 1090 1217 είς
1105 1127 1188 1209 τόνΒ

77 1244 163 1307 ὅδεῖον
182 1238 227 1299 καλ
251 1236 439 1319 περίπυστον
461 1235 537 1301 νεὼν
565 1242 621 1319 τῆς
648 1242 704 1301 τοῦ
730 1240 810 1303 Θεοῦ
832 1241 946 1325 σοφίας
968 1240 1161 1327 ἀφικόμενος,

96 1335 194 1422 ἀγγελόν
213 1362 245 1402 τε
268 1332 354 1423 αῦτῷ
377 1338 511 1418 (δοθῆναι
534 1333 768 1421 ἐξαιτησάμενος
773 1388 785 1420 ,
819 1339 1085 1426 προπορευόμενον
1107 1352 1163 1412 τοῦ

94 1446 203 1526 στρατοῦ
209 1489 220 1519 ,
253 1441 305 1502 καλ
325 1437 383 1521 τὴν
404 1435 477 1503 ὁδδν
501 1436 749 1521 κατευθύνοντα,
778 1443 820 1516 είς
843 1441 897 1507 τόν
920 1444 953 1507 ἓν
972 1447 1164 1532 Βλαχζρναις

93 1540 235 1624 τιμώμενον
249 1547 306 1624 τῆς
322 1538 521 1630 Θεομῆτορσς
534 1539 617 1607 οίκον
632 1540 796 1608 λιτανεόων
809 1544 961 1634 ἐπιφοιτᾷ.
996 1548 1163 1615 κάνταῦθα

94 1647 121 1708 δι’
140 1645 283 1729 ἱκετηρίαις
305 1641 341 1706 τό
370 1649 476 1726 θεῖον,
511 1641 553 1720 ὥς
575 1643 611 1708 τδ
633 1645 729 1725 εδκδς,
765 1643 1014 1729 ίξιλεωσάμενος,
1050 1649 1163 1716 άνεισιν

59 1747 120 1821 tote
133 1746 164 1810 τά
177 1747 254 1810 ἷκεῖσε
268 1741 443 1832 ἀνάκτορα,
472 1745 529 1822 τάς
551 1742 731 1833 πυρφόρους
751 1744 882 1833 τριήρεις
905 1747 1075 1832 ὀψόμενος,
1104 1777 1162 1817 τα-

94 1855 183 1923 κτικῦς
199 1847 271 1933 πρὸς
291 1847 327 1911 τδ
351 1854 406 1912 τοῦ
430 1845 597 1934 Βοσπόρου
621 1845 812 1924 σαλευοόσας
832 1848 1033 1934 προκόλπιον,
1063 1844 1163 1942 ᾧκαδ

92 1951 193 2013 ίπίνιιον
205 1961 270 2026 ταῖς
281 1953 405 2035 φορτίσι
419 1950 609 2034 καθίστηκεν
623 1949 755 2038 εῦορμον
768 1954 819 2014 καλ
834 1949 999 2036 εάγάληνον
1005 2001 1015 2032 ,
1039 1955 1070 2029 ἐς
1083 1981 1164 2038 καμ-

88 2051 136 2134 τη“ν
151 2051 241 2137 ἦρίμα
260 2051 350 2133 μέχρι
367 2057 424 2134 τῆς
443 2049 579 2140 γεφόρας
596 2055 716 2118 καὶτοῦ
731 2052 804 2118 κατ’
829 2053 925 2136 αὐτῆς
945 2053 1190 2137 είσβάλλοντοςο

90 2161 207 2234 ποταμοῦ
223 2149 435 2237 ίκτεινόμενον.
471 2154 527 2237 τὴν
542 2161 618 2242 γοῦν
630 2155 702 2236 μετ’
721 2156 875 2243 ἐμπειρίας
890 2159 941 2220 καδ
958 2155 1076 2239 κόσμου
1100 2167 1163 2224 τῶν

55 2262 194 2341 ιετριηριῦν
206 2257 336 2338 εἰρεσίαν
349 2258 399 2320 καλ
417 2253 547 2339 ἅμιλλαν
568 2253 584 2322 δ
604 2256 749 2340 βασιλεῦς
771 2255 964 2341 θεασάμενος
981 2256 1161 2345 (ε’τόγχανον

86 2359 111 2422 δὲ
127 2355 194 2450 δπδρ
216 2358 273 2432 τὰς
292 2360 489 2442 τριακοσίας,
517 2356 641 2440 συνάμα
661 2360 786 2449 λίμβοις
808 2362 859 2424 καὶ
881 2360 1034 2442 ἀκατίοις,
1063 2361 1084 2427 ἀ
1105 2369 1161 2428 νῦν

82 2461 171 2544 γαλίας
193 2461 245 2523 καλ
267 2461 395 2547 μονίρια
417 2468 526 2537 κοινῶς
549 2458 764 2549 ὀνομάζουσι),
800 2461 1105 2548 φιλοφρονησάμενός
1128 2489 1160 2531 τε

81 2562 137 2638 τοτ’-ς
156 2563 260 2648 δρίτας
279 2566 330 2626 καὶ
352 2562 387 2627 τό
401 2565 470 2650 περὶ
488 2562 586 2638 αάτάς
602 2561 821 2648 στρατιωτικὸν
842 2561 987 2648 ἀργυρίου
1009 2567 1152 2652 διανομῇ,
1171 2578 1203 2633 Ρ.
1221 2582 1255 2635 80

80 2664 161 2739 ίςτδν
176 2664 297 2750 Ἴστρον
319 2665 477 2748 ἐκπέμπει,
505 2664 560 2732 τὸν
581 2662 693 2730 τοῦτου
716 2661 813 2749 πόρον
835 2661 1090 2750 φρουρήσοντας,
1119 2663 1162 2743 ὥς

48 2767 111 2851 topi
123 2767 186 2832 ε’νδν
202 2766 247 2850 εἴη
264 2777 328 2842 τοῖς
343 2765 500 2847 Σκόδαις,
529 2770 560 2843 ἐς
574 2767 631 2850 τὴν
646 2772 735 2854 σφῶν
748 2769 883 2852 πατρίδα
898 2768 1014 2831 ἐκπλεῖν
1035 2769 1087 2831 καλ
1105 2767 1160 2833 τόν

75 2871 231 2954 Κιμμίριον
246 2867 430 2954 Βόσπορον,
459 2870 516 2953 εἴγε
537 2869 615 2954 πρὸς
635 2867 736 2955 φυγὴν
755 2867 952 2936 ἀποκλίνοιεν,
987 2869 1104 2954 λίγεται
1125 2873 1160 2938 δὲ

76 2971 245 3056 τδνἼστρον
260 2971 313 3036 ἕνα
335 2977 398 3038 τῶν
412 2973 444 3049 ἐξ
455 2971 546 3054 ’Eunt
561 2972 806 3058 ἐκπορευομένων
820 2968 895 3036 εἶναι
909 2979 1075 3053 ποταμῶν,
1104 2973 1159 3039 τόν

74 3072 290 3157 ίκικεκλημίνον
310 3079 432 3155 Φισιῦν,
462 3074 495 3137 ίκ
511 3079 566 3156 τῆς
585 3074 693 3155 λἰυμέν
709 3070 920 3157 ίκδιδόμενον,
948 3069 1159 3156 ὑποδυόμενόν
1239 3134 1240 3138 ,

74 3200 99 3242 τε
116 3176 193 3243 κατὰ
214 3181 273 3263 γῆν
286 3173 434 3266 ἀμηχάνῳ
449 3182 504 3240 τοῦ
521 3179 709 3263 δημιουργοῦ
724 3179 837 3268 σοφίη·
864 3177 916 3242 καλ
936 3167 1031 3252 αὖθις
1046 3178 1079 3240 ἐκ
1096 3183 1158 3242 τιῦν

127 3343 152 3394 2
175 3332 249 3393 αῦκδ
264 3339 323 3393 oud.
346 3339 428 3391 Paulo
441 3337 593 3408 portmalim
609 3336 661 3409 την
674 3357 695 3392 ι.
712 3335 745 3393 τό
759 3338 936 3409 περίμετρον,
953 3341 982 3394 et
993 3333 1157 3402 κάλλους-

126 3408 265 3478 μεγέθους
270 3447 279 3475 ,
297 3415 344 3461 aut
359 3409 442 3462 τοῦτο
459 3406 491 3463 ro*
507 3428 530 3463 κ.
600 3410 626 3466 7.
652 3406 691 3464 iv.
714 3406 745 3463 ἐκ
761 3407 818 3461 cod.

68 3545 149 3597 nentia
161 3543 297 3597 aedificari
309 3544 394 3610 iussit,
411 3561 588 3615 murorumque
602 3542 722 3597 ambitum
736 3543 793 3614 ipre
805 3543 945 3613 figuravit:
962 3541 1077 3613 quentin
1091 3559 1156 3607 earo,

68 3631 126 3683 quae
142 3615 230 3666 adhue
246 3614 364 3678 videtur,
390 3615 500 3683 apeciem
518 3622 546 3667 et
563 3613 753 3684 amplitudinem
773 3614 844 3666 velut
860 3613 947 3681 aliquo
961 3613 1052 3665 afflatu
1067 3611 1155 3664 divino

67 3684 163 3735 rolertia
181 3682 237 3734 eiua
256 3691 283 3735 et
293 3683 388 3734 iuaauru
406 3683 540 3736 excitavit.
573 3683 638 3735 Inde
652 3683 680 3734 in
692 3682 811 3734 coeleatia
824 3681 974 3764 Sapientiae
990 3681 1102 3732 divinum
1115 3687 1156 3731 ut-

65 3768 108 3819 que
128 3752 231 3804 illuotre
253 3752 373 3821 tempium
392 3753 521 3820 perrexit:
542 3768 575 3804 ex
593 3769 658 3833 quo,
680 3750 794 3817 angelum
814 3750 871 3802 dart
887 3750 936 3801 eibi
954 3757 1091 3818 precatur,
1110 3748 1156 3818 qui

64 3820 186 3873 exercitui
204 3820 315 3873 anteiret
328 3821 444 3890 viamque
457 3820 591 3888 dirigeret,
603 3836 630 3871 ια
648 3819 736 3872 aedem
749 3818 842 3872 Matris
852 3817 901 3870 Dei
909 3817 936 3869 in
944 3817 1093 3871 Blachernia
1102 3817 1157 3870 oul-

62 3896 108 3941 tam
130 3907 188 3941 oum
208 3890 356 3958 hymnorum
370 3897 445 3942 cantu
459 3889 561 3941 treneit.
587 3889 625 3940 lbi
637 3906 738 3958 quoque
755 3887 970 3957 precibuadivino
984 3887 1085 3938 nurnine
1105 3886 1157 3938 rite

78 3958 166 4021 leuato,
176 3959 204 4009 in
216 3958 345 4026 palatium,
357 3958 425 4027 quod
437 3958 531 4010 ibidem
539 3962 586 4022 eat,
598 3957 721 4020 recendit,
729 3954 1156 4025 igniferaatriremeainspecturue.

61 3974 169 4079 gubern
180 4026 316 4080 ordinatim
326 4027 352 4079 in
365 4027 423 4079 ainu
436 4026 546 4095 Bospori
556 4065 562 4089 ,
576 4027 620 4079 ubi
632 4035 721 4096 portua
732 4024 903 4078 onerariarum
911 4032 983 4076 tutus
991 4033 1018 4075 et
1029 4022 1157 4092 tranquil-

60 4095 97 4147 δατ
110 4097 208 4158 subeat,
221 4095 289 4147 molli
301 4097 371 4148 flexu
385 4098 418 4148 ad
431 4103 532 4177 pontem
546 4112 628 4165 unque
636 4096 787 4164 flumenque,
799 4095 867 4164 quod
881 4094 918 4145 ibi
930 4093 956 4144 in
970 4109 1039 4145 mare
1051 4090 1156 4154 transit,

60 4165 198 4234 pertinent.
213 4163 370 4217 Trireruiuur
382 4165 571 4233 navigationem
579 4172 606 4216 et
617 4171 754 4226 certamen,
767 4181 813 4216 uou
821 4161 946 4215 militarie
974 4178 1007 4213 ue
1017 4160 1157 4213 ordinata-

60 4241 108 4296 ota,
125 4243 154 4286 ut
163 4232 294 4302 spectavit
302 4233 442 4302 Imperator
455 4237 544 4300 (erant
554 4240 638 4286 eutem
649 4232 753 4301 navigia
764 4233 821 4302 pluo
833 4231 912 4294 000,
927 4229 1055 4283 adiunctio
1066 4234 1155 4280 actua·

59 4302 103 4355 riio
116 4310 143 4354 et
155 4302 270 4371 scaphia,
285 4319 348 4369 quae
358 4319 427 4355 nuno
443 4302 530 4371 galeae
550 4311 576 4354 et
589 4301 702 4354 monerio
714 4301 791 4371 vulgo
804 4301 921 4369 vocant),
932 4299 1042 4366 remiget
1054 4301 1082 4348 et
1094 4311 1156 4364 pro·

59 4381 217 4440 pugnatores
229 4371 350 4423 donativo
364 4379 452 4425 auctor
459 4372 491 4423 ad
504 4372 595 4424 latrum
609 4370 693 4423 emiait
707 4371 740 4422 ad
751 4371 886 4424 traiecturo
895 4367 1006 4424 fluminio
1018 4366 1157 4434 arueram

58 4439 124 4503 dum,
133 4439 286 4508 utSoythio,
298 4440 321 4491 εἰ
331 4441 399 4492 forte
411 4441 528 4510 oetfugae
540 4441 640 4503 darent,
647 4440 745 4491 domum
758 4439 835 4508 ioque
843 4437 1005 4491 Cimmerium
1011 4434 1154 4501 Bosporum

57 4509 227 4578 renavigendi
239 4509 349 4560 faoultae
361 4509 512 4561 auferretur.
546 4510 639 4561 latrum
651 4525 728 4560 unum
740 4509 772 4560 de
784 4507 872 4561 fluviis
884 4506 1020 4575 perhibent
1034 4520 1067 4554 ex
1077 4500 1158 4571 Edon

65 4579 260 4642 refluentibus,
276 4577 376 4629 Phison
389 4584 568 4644 cognomento:
586 4594 657 4640 eum,
674 4593 706 4628 ex
721 4577 831 4630 Oriente
842 4579 940 4643 ortum,
956 4588 1047 4625 ruraua
1059 4585 1155 4622 oumnra

57 4594 139 4702 girini
155 4645 330 4700 aedificatoria
342 4645 471 4717 sapientia
481 4647 528 4701 aub
543 4653 639 4702 terram
652 4643 741 4700 candi:
758 4653 818 4718 poet
830 4642 914 4699 denuo
927 4661 943 4696 e
954 4640 1081 4695 montibua
1092 4639 1157 4693 Cel-

126 4732 180 4787 ίιτο
196 4732 338 4786 maonat-
626 4806 627 4812 ,
927 4719 950 4782 9
