2746 5242
201 421 277 500 eas
398 435 437 506 r.
458 433 504 502 n.
524 405 725 502 roncum
744 431 1087 501 enrornrronns

284 591 316 660 4.
338 589 400 656 Kal
413 591 481 671 neni
496 595 551 672 τῆς
563 593 619 655 rori
635 588 752 654 Χαλὲπε
767 589 834 671 etc]
852 591 1000 650 Confecto
1016 591 1134 652 Cretico
1147 591 1230 654 hello
1248 593 1303 653 Ni-

205 677 369 760 sephorum
396 679 435 738 ad
451 677 574 757 Chalepi
600 677 849 756 expugnationem
872 697 903 735 se
916 676 1078 736 contulisse
1092 679 1228 737 omnium
1241 679 1302 736 Ili·-

203 763 383 824 storicorum
405 775 551 824 consensu
570 772 683 822 certum
705 771 766 834 est;
790 771 820 820 et
832 760 913 820 hano
924 761 1144 842 expeditionnn
1158 762 1231 820 dum
1248 763 1301 822 ille

202 857 330 927 gereret,
353 849 504 908 Romanus
526 847 609 916 obiit.
650 846 756 926 Itaque
779 866 848 904 oum
862 844 1025 926 Chalepusn
1048 857 1261 925 expugnasset,
1282 869 1301 906 a

202 931 425 1013 Theophanem
447 933 581 1010 Augusta
603 931 730 990 Romani
747 951 843 990 uxore
863 941 1018 992 revocatus
1030 939 1074 990 est
1087 932 1300 991 Constantino·
1332 949 1333 952 ’

202 1018 305 1098 polim,
329 1018 379 1078 ubi
391 1019 428 1077 de
445 1027 571 1095 utraque
585 1016 723 1090 victorie,
745 1017 859 1077 Cretica
876 1037 982 1094 nempe
995 1025 1025 1076 ot
1039 1013 1224 1096 Chelepensi,
1247 1037 1300 1076 so-

201 1103 329 1162 lemnem
357 1103 417 1180 egit
443 1099 640 1180 triumphum.
687 1101 752 1160 Hac
772 1102 929 1162 occasione
947 1100 1133 1160 Theodosius
1153 1102 1300 1161 Acroases

202 1208 271 1247 suas
291 1187 459 1268 Nicephoro
479 1187 621 1246 obtulisse
639 1185 778 1263 videtur,
801 1195 831 1246 α
852 1186 921 1266 quia
943 1185 1128 1246 solummodo
1140 1187 1300 1246 victoriam

119 1343 120 1346 ρ
203 1272 348 1332 Creticam
369 1274 402 1331 in
427 1271 468 1332 eis
490 1271 703 1347 celebraverat,
727 1271 937 1352 Chalepensem
960 1272 1050 1340 etiam
1062 1271 1223 1332 victoriam
1242 1273 1300 1330 alio

199 1357 350 1437 poematia
373 1377 403 1416 se
431 1357 649 1416 celebraturum
670 1357 804 1437 spondet.
847 1357 940 1428 Vide,
963 1375 1038 1434 quae
1058 1354 1116 1414 huc
1138 1358 1178 1416 de
1199 1377 1233 1417 re
1255 1357 1302 1416 lu-

202 1441 264 1502 sius
285 1442 316 1500 in
338 1441 451 1502 Monito
471 1442 671 1516 disseruimus.
715 1441 856 1522 [Alepum
875 1441 1006 1518 antiquis
1022 1441 1158 1502 Berroea.
1182 1441 1234 1504 real
1248 1437 1302 1504 τᾶν

201 1525 322 1590 Λέοντα
343 1525 376 1590 di
397 1523 450 1591 riv
465 1529 576 1588 Φωκοῖν
589 1522 640 1588 τὸν
653 1529 709 1588 rosi
723 1521 904 1608 Νικηφόρον
922 1523 1070 1608 ὁμαίμονα
1083 1523 1158 1587 κατὰ
1171 1531 1229 1595 Ιτοῦ
1237 1530 1301 1588 Xa-

202 1614 319 1693 padoir,
342 1607 376 1686 dr
389 1616 445 1674 rori
467 1607 570 1674 Xa'lerr
590 1603 719 1688 Iupiter,
741 1607 916 1691 ὀῬοομανὸς
938 1607 994 1672 oris
1017 1605 1145 1690 δυνάμει
1164 1605 1302 1674 oiaiorer-

201 1703 242 1758 λε.
286 1699 414 1756 Zonaras
434 1697 467 1755 in
483 1697 590 1759 Annal.
612 1696 692 1754 XVI.
725 1695 807 1769 Quid
828 1715 900 1754 vero
915 1695 966 1754 hio
983 1695 1020 1754 ds
1036 1692 1183 1776 Chalepe,
1205 1716 1302 1776 quum

201 1781 239 1842 de
262 1781 347 1842 Creta
363 1787 453 1862 potita
471 1791 574 1840 noster
587 1780 748 1838 statuerit?
771 1777 1009 1858 contaetus]

285 1871 315 1930 7.
335 1865 386 1940 Ὡς
398 1865 430 1928 ἐν
444 1861 593 1948 προσώπῳ
606 1867 684 1944 γοῦν
699 1863 768 1943 etc]
790 1863 871 1924 Haec
887 1885 920 1924 ea
932 1875 1004 1923 sunt
1017 1864 1116 1940 rerba,
1140 1885 1178 1924 ex
1193 1863 1302 1942 quihus

199 1949 295 2028 liquet
310 1949 507 2009 Theodosium
521 1947 574 2007 has
591 1948 733 2008 Acroases
746 1949 917 2030 Nicephoro
933 1949 1074 2010 obtulisse
1090 1959 1160 2030 post
1173 1948 1303 2008 Romani

201 2035 327 2095 obitum.
371 2033 489 2095 Videsis
506 2032 665 2095 Monitum.
703 2033 857 2094 Cornelius
878 2036 968 2108 verba
989 2030 1043 2097 eda
1064 2032 1159 2096 aelim
1180 2033 1303 2116 βασιλέα

200 2117 290 2283 ρίῐρρρῗν
310 2119 408 2180 minus
421 2130 503 2180 recte
522 2119 614 2180 vertit
617 2141 628 2217 .²
651 2130 775 2266 vegerpm
795 2131 934 2180 nostrum
955 2121 1186 2200 Imperatorem,
1208 2139 1303 2206 quum

225 2217 383 2266 canotum
402 2215 518 2268 vertera
543 2225 666 2266 omnmo
709 2215 846 2268 eursaet.

465 2437 518 2558 Ili
540 2491 746 2558 PRIMAM
767 2490 1039 2559 ACROASIM.

88 2635 179 2693 Col.1
292 2631 340 2714 Τῷ
369 2625 577 2712 φιλανθρώπῳ
600 2629 668 2710 etc]
697 2627 918 2688 Humaniesimo
939 2649 974 2688 aa
994 2627 1109 2710 potenti
1125 2626 1302 2706 Imperatori

200 2711 330 2789 Rornae,
351 2714 483 2774 Romano
508 2715 622 2773 scilicet
643 2714 755 2774 Iuniori
777 2721 883 2793 po'emn
898 2735 983 2774 suum
1007 2715 1144 2774 inscribit
1160 2713 1299 2774 Theodo-

201 2796 273 2872 sius,
295 2797 364 2876 quia
377 2799 452 2859 illud
465 2799 640 2879 perfecerat,
663 2800 735 2860 dnm
751 2801 900 2860 Romanus
913 2800 945 2858 In
962 2799 1038 2860 rivis
1051 2799 1166 2878 agebat,
1188 2809 1219 2858 et
1232 2799 1300 2878 quia

201 2882 329 2940 Romani
360 2881 444 2942 iussu
463 2884 612 2944 Creticum
633 2884 744 2942 bellurn
764 2906 781 2942 a
801 2884 971 2964 Nicephoro
994 2895 1169 2964 susceptum
1192 2886 1298 2946 suerat.

203 2966 347 3037 Quemvis
362 2977 460 3027 autem
481 2969 623 3028 defuncto
638 2969 696 3026 iam
712 2970 862 3042 Romano,
885 2979 914 3028 et
928 2971 1115 3030 solummodo
1129 2980 1166 3028 ut
1178 2969 1299 3028 blandi·

200 3059 286 3109 retur
309 3047 479 3130 Nicephoro
500 3053 682 3129 vulgaverit,
705 3052 783 3111 nihil
795 3064 894 3113 tamen
908 3054 941 3113 in
955 3056 1017 3114 eius
1028 3053 1228 3134 inscriptione
1240 3054 1299 3112 im·

200 3135 345 3203 mutarit,
368 3137 491 3196 fortasse
513 3158 550 3196 ne
571 3137 823 3218 Theopbononem
836 3140 962 3198 Romani
981 3161 1106 3200 uxorem
1124 3139 1298 3214 offenderet,

202 3229 232 3280 et
247 3241 284 3280 ne
296 3229 394 3280 totum
407 3223 589 3302 poemation,
602 3222 635 3281 ln
648 3242 708 3302 quo
726 3233 844 3282 exstent
856 3225 987 3304 plurima
999 3225 1038 3284 ad
1051 3227 1220 3284 Romanum
1234 3244 1300 3302 spe-

201 3305 331 3382 clantio,
353 3307 502 3386 seligeret.
541 3308 641 3381 Quare
660 3309 697 3368 de
709 3307 769 3368 hoc
782 3309 984 3389 Nicephorum
997 3331 1117 3370 monere
1132 3310 1165 3367 in
1179 3310 1300 3368 l’raefe·

199 3389 282 3450 tione
302 3413 365 3452 non
387 3393 600 3474 praetermisit,
623 3413 753 3454 asserens
771 3404 874 3454 tamen
891 3396 930 3454 ed
945 3415 1012 3454 eum
1026 3394 1216 3476 potissimum
1228 3413 1300 3474 spe·

199 3484 299 3619 ctalpp,
321 3497 397 3556 quae
413 3479 446 3538 in
459 3477 608 3560 poematia
624 3479 831 3556 continentur,
851 3480 955 3540 laudes
969 3479 1146 3562 Imperatori
1162 3481 1298 3540 Romano

198 3579 234 3622 co
276 3570 331 3621 tas.
735 3603 738 3610 «

283 3645 366 3707 Ver&
391 3653 420 3714 8.
448 3645 481 3710 ‘0
504 3647 669 3730 Σκηπίων]
699 3649 731 3710 Ρ.
758 3649 928 3710 Cornelium
954 3649 1125 3730 Scipionem
1155 3648 1298 3726 intellige,

200 3733 261 3808 ozei,
283 3741 319 3790 nt
332 3732 431 3810 inquit
444 3733 550 3794 Florus
567 3734 662 3794 lib.ll.
675 3755 739 3815 cap.
748 3739 778 3801 6.
793 3757 824 3816 p.
837 3743 908 3810 292,
924 3747 990 3796 tam
1003 3733 1122 3814 grande
1136 3733 1174 3791 de
1185 3735 1299 3812 Africa

200 3837 307 3874 nomen
314 3817 389 3890 fata
408 3815 606 3878 decreverant.
649 3820 678 3879 Is
695 3820 856 3880 admodum
871 3821 987 3880 iuvenis
1003 3821 1034 3878 in
1050 3820 1179 3880 Africam
1194 3820 1299 3899 prole-

199 3911 275 3976 ctus,
297 3911 400 3961 contra
416 3903 659 3983 Carthaginenses
673 3905 785 3964 bellum
799 3905 921 3979 indixit,
935 3907 967 3965 in
982 3926 1041 3984 quo
1057 3906 1131 3963 adeo
1146 3905 1299 3984 praeclare

98 4001 101 4008 ·
197 3995 230 4045 ‘aa
245 3987 343 4065 gessit,
364 3996 398 4046 ut
412 3987 496 4047 brevi
510 3989 717 4068 Carthaginem
731 3991 956 4070 expugnaverit.
987 3991 1103 4050 Consul
1116 4001 1188 4048 ante
1202 4009 1300 4048 annor

192 4072 319 4149 factae,
341 4071 441 4152 inquit
466 4075 531 4136 Sex.
556 4077 627 4135 Aur.
649 4075 753 4135 Victor
767 4077 804 4134 de
823 4076 899 4136 Viris
912 4076 1020 4137 illustr.
1033 4097 1053 4138 ,c
1113 4075 1173 4153 49,
1194 4095 1299 4134 come*

91 4151 149 4213 001.
164 4159 184 4218 2
200 4151 285 4212 dente
315 4159 432 4238 collega
459 4155 493 4217 in
512 4158 658 4236 Africam
680 4162 776 4220 classe
797 4164 928 4225 traiecit.
971 4155 1070 4220 Andr*
1095 4155 1163 4217 =alis
1188 4172 1218 4218 et
1242 4163 1300 4234 Sy-

195 4238 309 4318 phacis
323 4255 427 4302 castra
443 4263 507 4302 una
519 4255 604 4302 nocte
612 4248 764 4325 perrupit.
807 4249 996 4306 Revocatum
1009 4268 1043 4304 err
1059 4245 1156 4304 Italia
1171 4247 1300 4306 Hanni-

202 4322 474 4406 balemeuperavit.
512 4331 610 4389 {fieris
625 4329 916 4411 Carthaginensibus
930 4333 1009 4429 leges·
1027 4334 1184 4410 imposuit.
1228 4333 1300 4390 Ideo

105 4455 114 4472 .
203 4417 302 4470 autem
325 4412 409 4474 addit
429 4412 614 4474 Theodosius
635 4423 709 4475 tunc
728 4426 826 4478 totum
840 4415 1026 4497 Carthaginis
1045 4417 1140 4478 robur
1161 4437 1226 4478 non
1242 4417 1300 4476 ad-
