2714 5138
387 743 392 750 .
458 659 462 670 “
510 673 762 777 paterano.
1099 692 1183 740 mx

49 856 101 896 nn
112 833 275 920 rationem
290 831 446 906 haben
453 833 632 916 potuissem,
654 837 781 896 tortasse
793 832 883 895 etiam
900 833 1076 899 debuisse..
1118 837 1182 901 Ve-

51 959 108 999 rum
119 957 170 1016 ego
186 938 236 997 sic
255 939 391 1002 iudico
412 937 526 1022 (dicam
543 939 621 998 euim
639 956 702 998 non
720 938 955 1024 reverentiora
972 941 1096 1001 obscura
1111 943 1180 1020 glo-

55 1040 140 1124 riandi
156 1027 426 1121 suspicionem):
450 1041 531 1121 quod
550 1039 583 1100 in
605 1059 726 1120 quoque
740 1039 904 1120 plurimum
924 1051 984 1118 est,
1004 1041 1063 1104 hoc
1079 1043 1179 1125 ipsum

60 1142 292 1224 ispotissimum
317 1145 471 1204 conferre
490 1143 577 1202 debet
597 1143 635 1202 ad
657 1143 869 1222 locupletanda
893 1145 1060 1204 communia
1080 1147 1179 1206 studia

64 1255 164 1328 notha.
206 1245 279 1304 lam
299 1265 386 1306 sero
405 1255 477 1326 post
493 1244 689 1325 complurium
707 1263 853 1304 annornm
870 1245 1024 1306 assiduum
1039 1247 1178 1322 laborem,

69 1367 120 1427 quo
132 1331 319 1426 ilatalogum
332 1341 441 1436 ,Co'dd
460 1348 642 1408 Graecorum
665 1347 698 1406 in
712 1346 925 1408 Bibliothecam
945 1349 1105 1408 maximam
1121 1349 1179 1408 Pa·-

71 1450 215 1510 risieasem
228 1453 348 1510 recens
365 1451 521 1510 illatorum
535 1449 578 1510 ad
596 1451 686 1512 finem
701 1449 917 1530 perduxeram,
938 1459 1006 1530 post
1022 1451 1179 1530 pueritiam
1273 1461 1276 1468 '

76 1562 102 1611 et
116 1553 242 1632 primam
266 1554 511 1614 adolescentiam
530 1554 563 1612 in
576 1552 635 1612 hoc
654 1552 819 1612 studiorum
835 1569 941 1630 genere
960 1553 1106 1632 positam,
1129 1573 1180 1616 ne-

78 1655 178 1715 minem
192 1676 260 1716 esse
279 1656 470 1737 scriptorem
479 1656 571 1736 paulo
588 1653 784 1714 illustriorem
800 1653 944 1731 arbitror,
966 1675 1061 1734 neque
1073 1656 1178 1734 pross-

84 1777 148 1816 mrm
159 1778 256 1837 neque
272 1777 415 1833 sacrum,
440 1757 492 1836 qui
505 1739 720 1838 atemp'oribus
734 1755 948 1816 Theodosianis
963 1777 1055 1836 usque
1067 1757 1105 1816 sd
1116 1757 1178 1818 rui-

83 1875 144 1918 tum
156 1860 278 1940 imperii
295 1859 466 1928 orientalis*
475 1859 586 1920 Graece
600 1859 764 1939 scripserit,
782 1879 868 1938 quem
883 1879 944 1918 non
958 1858 1000 1918 ita
1013 1859 1176 1936 tractarim,
1206 1865 1218 1892 ·

83 1971 114 2020 nt
125 1983 185 2021 non
199 1963 305 2041 aliqua
318 1961 464 2042 'eius'pars
478 1961 510 2020 in
525 1961 666 2038 memoria
680 1983 744 2022 mea
757 1963 877 2042 penitus
888 1961 1040 2026 insideret.
1084 1960 1176 2021 Scho-

81 2064 136 2136 lis,
159 2075 297 2141 catenas,
320 2063 532 2144 paraphrases,
555 2065 781 2142 commentario,
804 2065 913 2146 partim
926 2065 1024 2124 minus
1037 2063 1177 2142 legisoli·

83 2177 125 2242 ta,
144 2167 258 2246 'partim
272 2167 398 2226 omnino
414 2165 549 2224 nondum
565 2165 642 2225 edita
651 2211 660 2242 ,
683 2166 749 2228 lieri
760 2179 827 2228 'non
846 2159 947 2248 potuit
962 2165 1035 2244 quin
1051 2165 1092 2224 ita
1105 2184 1177 2244 par-

83 2278 253 2345 tractaram,
273 2279 312 2328 ut
332 2289 437 2328 eorum
453 2269 582 2347 aliquam
602 2279 681 2329 certe
698 2270 852 2331 notionem
872 2288 1017 2352 caperem.
1062 2265 1177 2340 Quam-

86 2371 196 2446 obrem,
216 2373 242 2430 si
257 2371 369 2454 passim
383 2391 422 2430 ex
436 2369 587 2446 Patribus,
611 2369 794 2449 scholiastis,
816 2371 1002 2447 rhetoribus,
1024 2369 1179 2430 illustrare

88 2459 265 2551 &erueres
279 2474 416 2554 aliquot,
439 2473 544 2532 afferre
564 2472 704 2552 phrases,
726 2475 910 2557 locupletare
925 2472 1051 2548 Lexica,
1073 2481 1179 2532 notare

91 2594 202 2634 errores
222 2577 365 2654 quosdam
381 2575 534 2656 superiore
553 2574 696 2634 memoria
720 2579 891 2646 commissos
914 2576 996 2659 (nam
1018 2575 1055 2633 ab
1075 2591 1178 2650 aequa.

85 2678 158 2748 lium
179 2699 318 2754 oensura,
347 2699 423 2758 quae
440 2697 505 2738 mea
524 2684 633 2736 natura
657 2685 716 2752 est,
746 2669 868 2738 omnino
890 2673 1032 2756 abstinui)
1055 2683 1178 2736 conatus

87 2801 156 2856 sum,
178 2801 240 2839 non
253 2781 322 2840 ideo
337 2779 370 2838 id
384 2779 451 2856 leci,
474 2779 554 2858 quod
568 2777 623 2838 hos
637 2781 818 2840 recentiores
834 2780 997 2860 scriptores
1012 2775 1178 2836 ullomodo

87 2885 299 2965 comparandos
313 2901 376 2942 esse
391 2902 458 2942 cum
472 2881 688 2960 antiquioribus
702 2885 935 2964 capitalibusque
947 2881 1008 2940 illis
1024 2879 1177 2955 ducebam,

85 3007 156 3066 quos
172 3007 259 3046 nemo
274 2985 384 3065 opinor
397 2969 443 3044 est
456 2985 530 3063 quin
545 2986 649 3046 crebro
661 2997 813 3066 regnatore
829 2987 946 3066 cupiat,
968 2983 1000 3042 in
1016 2983 1110 3062 iisque
1125 3001 1178 3042 sc-

85 3089 227 3168 quiescat;
250 3107 347 3189 nepae
360 3087 440 3165 quod
455 3107 552 3146 meum
566 3089 735 3150 studiorum
748 3109 840 3168 genua
850 3105 1017 3170 proponas
1030 3084 1062 3144 in
1076 3105 1179 3170 exem-
1204 3115 1205 3124 ι

84 3192 163 3306 plum
178 3191 261 3270 aliia,
284 3185 522 3250 adolescentibus
536 3191 711 3274 praecipue,
733 3191 839 3252 veliin:
862 3189 915 3248 aad
929 3185 998 3267 quia
1013 3186 1046 3245 in
1062 3207 1096 3248 ao
1109 3157 1178 3246 loco

84 3315 226 3374 meoque
248 3311 371 3352 munera
388 3293 569 3352 constitutus
579 3337 588 3370 ,
609 3303 645 3352 ut
662 3295 793 3354 tractore
812 3289 958 3352 eiusmodi
977 3289 1091 3369 scripta
1109 3307 1178 3348 cam
1200 3351 1205 3354 ,

85 3395 133 3454 ad·
154 3394 342 3454 voluntatem
372 3395 506 3475 posaim,
534 3403 599 3453 turn
628 3416 686 3475 pro
713 3394 815 3456 officio
844 3392 982 3465 debeam,
1011 3389 1044 3450 id
1075 3389 1177 3466 malui,

85 3495 163 3575 qaod
178 3495 232 3554 alii
250 3497 349 3556 minus
368 3497 522 3558 commode
536 3497 674 3576 possent,
696 3515 795 3576 agere,
819 3515 908 3574 quam
924 3495 1003 3582 quod
1016 3495 1107 3558 iidem
1121 3515 1177 3558 aa·

85 3618 138 3676 que
152 3597 231 3658 bene
244 3607 332 3678 atque
347 3618 418 3676 ego,
438 3609 489 3660 sut
501 3597 698 3662 etiam‘multo
712 3619 760 3660 me
770 3598 886 3660 melius.

164 3767 235 3830 XV.
258 3745 442 3847 Accedebat,
465 3769 545 3850 quod
560 3771 592 3830 in
611 3769 767 3832 Britannia
786 3791 897 3830 novam
918 3769 1078 3831 editionem
1096 3769 1177 3831 Tha-

86 3869 162 3928 sruri
183 3863 389 3949 Stephaniani
403 3873 503 3952 parari
529 3873 702 3950 audiebam,
732 3875 770 3934 ad
790 3893 913 3954 eamque
934 3873 1179 3958 locupletandam

86 3969 162 4031 siros
183 3972 292 4042 doctos
316 3973 441 4033 editioni
456 3977 641 4057 praepositos
657 3997 747 4037 voces
763 3977 898 4036 nondum
920 3977 952 4036 in
967 3975 1077 4036 Lexica
1092 3971 1193 4064 rece-·

84 4081 147 4154 ptas
166 4073 302 4154 undique
317 4077 468 4158 aucupari.
510 4079 611 4154 Quare
624 4079 790 4157 vocabula,
813 4079 920 4160 quibus
941 4077 1059 4156 adhuc,
1082 4099 1179 4158 quan·
1196 4093 1228 4149 Ρ,
1245 4057 1315 4148 m,
1337 4121 1340 4130 .

84 4183 145 4236 tam
156 4177 239 4253 scio,
261 4177 370 4238 Laxica
386 4189 489 4248 carent
505 4181 635 4264 (enotavi
654 4193 753 4242 autem
767 4181 931 4262 multiplici
948 4181 1077 4242 lectione
1093 4199 1178 4240 com·
1285 4223 1290 4228 -
1328 4213 1333 4223 ·

83 4279 166 4359 plura
178 4277 308 4362 millia),
327 4281 440 4363 passim
453 4283 611 4356 subiunxi,
636 4283 805 4364 gratificans
821 4283 1053 4364 Lexicographis
1066 4283 1178 4365 potius,

86 4401 170 4460 quam
185 4383 296 4466 quod'
286 4405 320 4442 111
338 4383 485 4444 eiusmodi
499 4385 597 4447 verbis
613 4386 757 4448 addendis
771 4407 911 4468 magnum
928 4385 1102 4468 ponendum
1116 4403 1179 4444 esse

86 4496 279 4563 momentum,
302 4496 355 4546 aut
376 4485 565 4566 gloriandum
583 4497 696 4570 putam.
737 4489 792 4569 Egi
812 4489 845 4551 id
867 4508 1006 4585 quoque,
1031 4495 1067 4546 ut
1083 4506 1178 4548 voca-

86 4581 150 4646 bala
162 4587 346 4669 phrasasque
365 4590 525 4674 praecipue
539 4611 577 4652 ex
600 4591 799 4738 scriptoribus
820 4591 882 4653 illis
903 4609 1069 4668 sumerem,
1090 4588 1178 4669 quis
