2746 5242
195 742 273 821 554
407 753 447 822 n.
465 752 514 820 aa.
534 748 736 818 roconn
755 745 1103 817 annorfflouas
1185 710 1190 717 ’

178 946 179 953 ι
199 934 268 996 anae
282 910 445 994 perniciem
458 908 741 971 calamitoeiaeimem
758 905 967 968 moliebantur.
1010 891 1136 988 [Sanane
1148 916 1212 970 eet:
1230 907 1302 970 ber·

198 1007 247 1060 tue
271 997 433 1059 cantandus
448 997 638 1072 Idomeneus,
660 994 741 1074 quod
761 994 847 1075 priua
862 993 989 1054 exoeeait
1002 1014 1020 1054 e
1034 993 1097 1056 vita
1105 1039 1117 1072 ,
1138 1015 1231 1074 qnam
1244 1017 1301 1077 pa·

198 1085 274 1145 triae
293 1083 476 1145 eversionem
493 1082 617 1142 videret.
638 1081 672 1142 F.
688 1079 728 1159 l.]

165 1211 167 1213 ·
284 1194 356 1255 133.
382 1183 505 1269 Χάρων]
526 1187 669 1247 Hominee
682 1185 809 1246 terribili
824 1185 962 1264 equalora
981 1205 1017 1244 ac
1038 1206 1134 1264 pravo
1157 1186 1300 1267 turpique

200 1276 299 1337 animo
314 1274 440 1354 praediti
460 1273 505 1332 eie
520 1294 573 1353 per
597 1272 764 1332 convicium
783 1271 966 1330 dicebantur.
1009 1270 1154 1350 Apuleiae
1168 1273 1207 1330 de
1222 1273 1299 1330 Sici·

200 1363 252 1421 nio
267 1359 430 1420 aemiliano
446 1358 494 1417 eui
505 1367 675 1418 accusatore
685 1358 728 1416 ita
742 1357 842 1436 inquit
853 1357 885 1415 in
893 1356 1036 1436 Apologia
1051 1376 1116 1434 pag.
1134 1359 1215 1423 497:
1232 1359 1298 1437 lgi-

199 1458 253 1505 tur
268 1454 450 1524 οςωοπιτιιέα
472 1446 500 1500 ei
520 1442 582 1501 duo
597 1442 716 1517 indito5
742 1442 873 1514 Cleareta,
891 1452 927 1499 ut
942 1448 1006 1499 eom
1020 1438 1103 1517 diri,
1127 1442 1166 1501 ob
1188 1447 1249 1500 orie
1270 1455 1298 1500 et

199 1533 299 1590 animi
312 1527 493 1588 duritatem:
513 1526 569 1586 aed
582 1530 721 1606 alterum,
737 1527 820 1608 quod
832 1527 974 1586 libentiae
986 1523 1089 1606 audit,
1106 1528 1144 1586 ob
1161 1531 1300 1587 Deorum

200 1626 400 1696 contemptum
422 1615 595 1674 Mezentium

285 1721 355 1787 143.
374 1717 409 1781 ‘0
422 1716 498 1802 θήρ]
520 1721 569 1779 Sic
580 1721 691 1796 Codex,
714 1728 819 1779 contra
832 1721 916 1781 cuiue
929 1718 1021 1780 fidem
1035 1719 1193 1779 Cornelius
1205 1719 1300 1780 edidit

197 1804 221 1888 η’
235 1801 317 1888 θὴρ,
338 1804 391 1864 aed
410 1805 645 1866 emendationem
659 1806 697 1866 ad
710 1826 792 1865 oram
807 1808 930 1886 paginae
947 1803 1067 1866 adiecit.

284 1911 354 1978 144·
376 1919 528 1995 Sceptiana
541 1912 658 1992 σιτίων]
683 1912 835 1971 Saracenis
848 1912 921 1972 urbe
936 1912 1059 1971 inclueie
1075 1931 1229 1970 annonam
1245 1911 1299 1970 de·

197 1995 303 2056 iaoieea
324 1997 368 2055 aic
394 2009 513 2060 enarrat
534 1999 733 2058 continuator
755 1996 946 2076 Theophanis
970 1997 1003 2055 in
1026 1999 1112 2059 Rom.
1136 1996 1200 2055 lun.
1216 2016 1298 2060 unm.

197 2081 278 2142 xvt.
300 2102 366 2161 pag.
385 2087 464 2150 800:
491 2089 551 2163 Τῆς
563 2087 679 2164 τροφῆς
690 2079 743 2143 καὶ
756 2075 895 2160 δαπάνης
907 2085 968 2143 τοῖν
981 2085 1145 2163 Κρητικῶν
1160 2083 1299 2160 δαπανη-

197 2166 320 2244 θείσης,
341 2167 393 2229 καὶ
414 2170 458 2241 εἰς
477 2163 613 2248 ἀνάγκην
636 2160 888 2246 προχωρούντων,
909 2164 962 2228 καὶ
981 2161 1060 2228 καθ’
1079 2161 1209 2245 ἕαόστην
1224 2162 1300 2245 πρός

89 2250 147 2307 Col.
164 2255 182 2311 2
198 2245 248 2311 τὸν
266 2248 446 2332 Μόγιστρον
470 2246 733 2330 αὐτομολούντων,
755 2250 807 2312 καὶ
823 2246 910 2337 apiani
929 2244 1028 2313 πάντα
1046 2253 1126 2313 Θεοῦ
1139 2249 1299 2331 ἡνιοχοῦν-

7 2344 8 2347 ’
198 2357 249 2407 τος
268 2329 428 2414 προστάξει
444 2341 483 2421 τῇ
498 2341 553 2399 τοῦ
565 2336 708 2418 Μαρτίου
726 2331 819 2415 μηνός
832 2340 887 2416 τῆς
900 2334 985 2412 ἕκτης
1000 2337 1188 2409 ἰνδιιιτιιᾶνος
1201 2333 1217 2398 ὁ
1231 2342 1299 2399 Ao-

198 2417 334 2500 μὲστιιιος
354 2425 415 2482 τοῖν
434 2426 558 2502 Σχολῶν
580 2416 631 2484 τόν
648 2418 770 2502 στρατόν
787 2417 861 2500 πρός
884 2417 1046 2501 πολεμικός
1076 2417 1189 2500 ὤτρυνε
1208 2443 1300 2500 παρα.

197 2498 312 2580 τόξεις,
343 2502 510 2588 διαφόρους
535 2501 755 2585 συστησάμενος
784 2501 940 2588 φόλαγγός
965 2527 997 2568 τε
1022 2505 1074 2567 καὶ
1097 2501 1229 2579 dantiae
1249 2504 1300 2567 nel

198 2584 371 2673 σάλπιγγας.
406 2592 592 2672 Consumpta
606 2591 762 2670 Agarenio
781 2591 1066 2649 Cretemiburomnt
1081 2613 1217 2665 annona,
1243 2594 1300 2648 iio-

199 2677 303 2754 quein
320 2681 485 2756 angustiae
498 2680 620 2753 coactio,
635 2698 673 2733 ac
687 2697 757 2734 cnm
772 2697 805 2733 ex
823 2677 889 2734 illia
904 2675 1040 2756 qnotidie
1055 2675 1101 2734 ad
1111 2678 1299 2757 Magistrum

199 2760 282 2818 ultro
298 2763 493 2841 confluerent,
508 2766 571 2822 Dei
585 2760 707 2820 tandem
723 2772 833 2820 carecta
844 2760 1030 2818 moderantia
1045 2764 1181 2841 imperio,
1202 2783 1300 2820 menae

198 2845 333 2922 Martio,
354 2859 438 2906 nexta
452 2845 631 2924 indictione,
652 2846 834 2906 Scholarum
849 2848 1044 2909 vomentem
1067 2851 1163 2905 aciem
1182 2849 1299 2906 inatrn-

192 2931 246 3011 nit
266 2929 459 3014 diversaeque
484 2956 519 2993 ex
539 2935 607 2994 illia
632 2953 741 2991 crmeoe
761 2943 790 2990 et
808 2929 992 3017 plmlcpgaa
1021 2953 1060 2991 ac
1082 2944 1202 2991 turmae
1227 2954 1299 2992 τοιι·

198 3017 310 3076 stituit.
908 3029 914 3034 ·

284 3122 356 3189 148.
381 3120 551 3206 Τρισέμφω]
572 3121 713 3183 Mendnm
727 3121 799 3182 hnic
814 3122 884 3183 voci
899 3123 1018 3185 anbeeee
1030 3145 1093 3184 non
1105 3123 1225 3200 dubito,
1239 3146 1298 3184 me·

197 3205 302 3286 gitque
315 3209 450 3290 placeret
459 3207 629 3290 τρισέμφος.
671 3208 765 3267 Porro
779 3208 917 3269 adveataa
930 3210 1021 3270 velim
1037 3210 1121 3270 vocia
1137 3211 1298 3287 singulari-

196 3299 300 3361 tatem,
314 3289 389 3352 l'noa
403 3293 582 3351 inconcinne
597 3303 725 3350 tamena
740 3291 907 3354 Theodoaio
923 3295 1092 3372 confictam,
1114 3305 1151 3354 ut
1165 3296 1198 3354 in
1212 3295 1298 3356 uniue

195 3373 250 3433 liei
264 3375 391 3455 imperio
405 3377 580 3436 Trinitatem
594 3376 683 3436 etiam
696 3377 887 3458 exprimeret.
922 3380 997 3441 Eam
1009 3400 1048 3440 ex
1060 3378 1133 3463 τρὶς,
1156 3380 1201 3458 ἐν,
1223 3385 1297 3461 φιὶς,

195 3468 232 3520 ut
252 3460 388 3540 videtur,
410 3461 588 3543 comparuit.
1325 3475 1327 3485 ·

281 3569 351 3635 151.
374 3566 552 3650 Πεντοιθός]
574 3570 624 3630 Sic
638 3569 753 3650 corrige
769 3569 809 3632 ad
825 3570 941 3632 Codicie
957 3571 1065 3650 fidem,
1087 3591 1181 3653 quam
1195 3583 1298 3632 contra

196 3652 351 3716 Corneliae
370 3655 466 3716 edidit
483 3652 640 3738 νιιιτοιχοός.

284 3761 354 3827 155.
371 3756 478 3826 Πόντα
491 3760 549 3827 σόν
562 3763 734 3850 προθυμίᾳ]
750 3765 909 3844 Perperam
925 3762 1048 3823 omnino
1058 3762 1132 3841 legit
1143 3761 1220 3823 haec
1235 3785 1298 3825 ver·

196 3843 235 3904 ba
249 3845 422 3908 Corneliae:
444 3850 497 3909 ead
509 3848 588 3910 hanc
603 3851 699 3933 ipearn
713 3850 831 3911 Codicis
846 3849 1007 3910 lectionem
1021 3848 1061 3909 ad
1075 3869 1159 3909 orem
1173 3851 1299 3931 paginae

196 3929 394 3992 coniectando
414 3935 548 3995 eubiecit.

283 4038 353 4104 175.
371 4033 528 4120 Ἐμβαλῶν
543 4037 629 4120 όνον]
650 4041 768 4102 Νότοιο
786 4051 867 4103 certe
880 4051 925 4102 eat
943 4050 1127 4120 stratagema,
1151 4040 1236 4120 quod
1248 4039 1298 4100 hic

196 4121 287 4182 modo
300 4122 495 4198 describitur3
516 4136 546 4186 et
563 4128 642 4186 sorte
658 4148 676 4185 a
692 4127 858 4187 Theodoaio
876 4127 1039 4186 confictum
1057 4136 1111 4203 eat,
1139 4125 1191 4205 qui
1210 4126 1299 4185 etiam

94 4213 97 4223 ’
197 4207 271 4268 alibi
289 4207 363 4268 iocie
386 4208 532 4289 indulget.
574 4207 735 4291 Σφενδόνη
756 4223 854 4272 autem
877 4213 915 4279 de
937 4211 1075 4270 machina
1100 4231 1138 4270 ex
1163 4210 1298 4270 ballista·

122 4314 125 4320 ”
195 4312 265 4353 rum
287 4313 339 4353 eeu
367 4297 586 4374 catapultarum
601 4317 707 4374 genere
718 4297 866 4375 intellige,
889 4317 949 4376 qna
960 4295 1120 4374 grandiora
1134 4316 1207 4355 eaxa
1225 4316 1298 4356 con-

196 4384 245 4435 tra
259 4377 360 4439 hoetee
374 4379 557 4445 emittebant.
595 4383 639 4440 De
655 4382 774 4442 ballista
792 4391 872 4442 certe
883 4381 1098 4460 interpretatur
1113 4390 1160 4439 eat
1172 4380 1234 4440 hoc
1246 4402 1297 4443 no·

174 4459 266 4518 'men
278 4463 459 4525 Philoxenne
473 4466 504 4524 in
520 4467 625 4526 Gloaaa
642 4462 683 4544 io,
705 4469 855 4528 aoribene:
875 4468 1024 4540 Ballista,
1041 4459 1208 4546 σφενδόνη,
1223 4461 1297 4548 μόγ-

196 4566 291 4626 γανον
303 4545 466 4629 πολεμικόν
471 4594 491 4651 η
504 4571 595 4631 qnare
607 4485 740 4612 hillinus
756 4554 847 4635 ipeae,
869 4573 922 4612 aeu
937 4550 1083 4632 petrarioa
1097 4569 1298 4610 monanconee

194 4648 213 4686 a
230 4628 406 4706 quibusdam
431 4631 613 4714 σφενδόνας,
626 4636 769 4715 fundae,
791 4637 935 4719 appellari
949 4636 1161 4696 animadvertit
1171 4636 1299 4716 apollo-

195 4713 288 4776 dorae
307 4714 497 4783 Architactne
519 4721 554 4781 in
568 4722 774 4785 Poliorceticie
798 4744 866 4808 pag.
877 4723 929 4792 40.
973 4720 1028 4804 [Oi
1041 4716 1076 4786 dl
1094 4720 1300 4804 orpcodime
