<?xml version="1.0" encoding="UTF-8"?>
<!DOCTYPE html PUBLIC "-//W3C//DTD XHTML 1.0 Transitional//EN"
    "http://www.w3.org/TR/xhtml1/DTD/xhtml1-transitional.dtd">
<html xmlns="http://www.w3.org/1999/xhtml" xml:lang="en" lang="en">
 <head>
  <title>
</title>
<meta http-equiv="Content-Type" content="text/html;charset=utf-8" />
  <meta name='ocr-system' content='tesseract 3.04.00' />
  <meta name='ocr-capabilities' content='ocr_page ocr_carea ocr_par ocr_line ocrx_word'/>
</head>
<body>
  <div class='ocr_page' id='page_1' title='image "./leonisdiaconica00liutgoog/leonisdiaconica00liutgoog_0559.png"; bbox 0 0 2730 5272; ppageno 0'>
   <div class='ocr_carea' id='block_1_1' title="bbox 182 741 928 834">
    <p class='ocr_par' dir='ltr' id='par_1_1' title="bbox 182 741 928 834">
     <span class='ocr_line' id='line_1_1' title="bbox 182 741 928 834; baseline -0.003 -16"><span class='ocrx_word' id='word_1_1' title='bbox 182 741 260 820; x_wconf 76' lang='lat'><em>510</em></span> <span class='ocrx_word' id='word_1_2' title='bbox 482 831 484 834; x_wconf 18' lang='lat'>¹</span> <span class='ocrx_word' id='word_1_3' title='bbox 523 748 560 816; x_wconf 89' lang='lat' dir='ltr'><em>o.</em></span> <span class='ocrx_word' id='word_1_4' title='bbox 580 749 615 816; x_wconf 81' lang='lat' dir='ltr'><em>o.</em></span> <span class='ocrx_word' id='word_1_5' title='bbox 637 743 755 816; x_wconf 73' lang='lat' dir='ltr'><em>essu</em></span> <span class='ocrx_word' id='word_1_6' title='bbox 773 746 928 822; x_wconf 74' lang='lat' dir='ltr'><em>soree</em></span> 
     </span>
    </p>
   </div>
   <div class='ocr_carea' id='block_1_2' title="bbox 181 903 1348 1248">
    <p class='ocr_par' dir='ltr' id='par_1_2' title="bbox 181 903 1348 1248">
     <span class='ocr_line' id='line_1_2' title="bbox 181 903 1348 990; baseline -0.005 -19"><span class='ocrx_word' id='word_1_7' title='bbox 181 918 282 972; x_wconf 79' lang='lat' dir='ltr'><em>sareu</em></span> <span class='ocrx_word' id='word_1_8' title='bbox 295 915 470 990; x_wconf 71' lang='lat' dir='ltr'><em>argentum,</em></span> <span class='ocrx_word' id='word_1_9' title='bbox 491 927 552 968; x_wconf 89' lang='lat' dir='ltr'><em>non</em></span> <span class='ocrx_word' id='word_1_10' title='bbox 570 903 659 966; x_wconf 90' lang='lat' dir='ltr'><em>modo</em></span> <span class='ocrx_word' id='word_1_11' title='bbox 676 903 714 966; x_wconf 89' lang='lat' dir='ltr'><em>id</em></span> <span class='ocrx_word' id='word_1_12' title='bbox 723 903 808 986; x_wconf 89' lang='lat' dir='ltr'><em>quod</em></span> <span class='ocrx_word' id='word_1_13' title='bbox 818 903 954 966; x_wconf 87' lang='lat' dir='ltr'><em>incendio</em></span> <span class='ocrx_word' id='word_1_14' title='bbox 970 903 1210 988; x_wconf 70' lang='lat' dir='ltr'><em>deflagremus,</em></span> <span class='ocrx_word' id='word_1_15' title='bbox 1230 929 1283 966; x_wconf 84' lang='lat' dir='ltr'><em>oe·</em></span> <span class='ocrx_word' id='word_1_16' title='bbox 1345 961 1348 976; x_wconf 88' lang='grc'>,</span> 
     </span>
     <span class='ocr_line' id='line_1_3' title="bbox 182 990 1282 1074; baseline -0.005 -17"><span class='ocrx_word' id='word_1_17' title='bbox 182 1017 254 1057; x_wconf 90' lang='lat' dir='ltr'><em>rum</em></span> <span class='ocrx_word' id='word_1_18' title='bbox 266 997 360 1054; x_wconf 88' lang='lat' dir='ltr'><em>etiam</em></span> <span class='ocrx_word' id='word_1_19' title='bbox 378 991 547 1074; x_wconf 83' lang='lat' dir='ltr'><em>quodquod</em></span> <span class='ocrx_word' id='word_1_20' title='bbox 557 1013 735 1070; x_wconf 84' lang='lat' dir='ltr'><em>suspensum</em></span> <span class='ocrx_word' id='word_1_21' title='bbox 753 1003 818 1052; x_wconf 83' lang='lat' dir='ltr'><em>erat</em></span> <span class='ocrx_word' id='word_1_22' title='bbox 830 991 875 1051; x_wconf 87' lang='lat' dir='ltr'><em>ad</em></span> <span class='ocrx_word' id='word_1_23' title='bbox 882 995 1004 1070; x_wconf 90' lang='lat' dir='ltr'><em>festum</em></span> <span class='ocrx_word' id='word_1_24' title='bbox 1017 990 1282 1052; x_wconf 76' lang='lat' dir='ltr'><em>colioneetandran.</em></span> 
     </span>
     <span class='ocr_line' id='line_1_4' title="bbox 185 1077 1280 1160; baseline -0.009 -16"><span class='ocrx_word' id='word_1_25' title='bbox 185 1083 236 1144; x_wconf 87' lang='lat' dir='ltr'><em>Ita</em></span> <span class='ocrx_word' id='word_1_26' title='bbox 251 1081 372 1160; x_wconf 86' lang='lat' dir='ltr'><em>aliquis</em></span> <span class='ocrx_word' id='word_1_27' title='bbox 390 1082 440 1140; x_wconf 77' lang='lat' dir='ltr'><em>vir</em></span> <span class='ocrx_word' id='word_1_28' title='bbox 460 1077 650 1158; x_wconf 84' lang='lat' dir='ltr'><em>spectabilis,</em></span> <span class='ocrx_word' id='word_1_29' title='bbox 672 1081 727 1157; x_wconf 87' lang='lat' dir='ltr'><em>qui</em></span> <span class='ocrx_word' id='word_1_30' title='bbox 748 1079 863 1136; x_wconf 86' lang='lat' dir='ltr'><em>militia</em></span> <span class='ocrx_word' id='word_1_31' title='bbox 883 1078 1010 1136; x_wconf 78' lang='lat' dir='ltr'><em>honesta</em></span> <span class='ocrx_word' id='word_1_32' title='bbox 1031 1081 1140 1136; x_wconf 73' lang='lat' dir='ltr'><em>seruat</em></span> <span class='ocrx_word' id='word_1_33' title='bbox 1155 1079 1280 1152; x_wconf 86' lang='lat' dir='ltr'><em>Dacioi,</em></span> 
     </span>
     <span class='ocr_line' id='line_1_5' title="bbox 184 1161 1337 1248; baseline -0.007 -21"><span class='ocrx_word' id='word_1_34' title='bbox 184 1164 268 1248; x_wconf 87' lang='lat' dir='ltr'><em>quod</em></span> <span class='ocrx_word' id='word_1_35' title='bbox 295 1168 403 1238; x_wconf 89' lang='lat' dir='ltr'><em>aiunt,</em></span> <span class='ocrx_word' id='word_1_36' title='bbox 417 1165 626 1245; x_wconf 77' lang='lat' dir='ltr'><em>fungebatur,</em></span> <span class='ocrx_word' id='word_1_37' title='bbox 647 1162 705 1220; x_wconf 90' lang='lat' dir='ltr'><em>sub</em></span> <span class='ocrx_word' id='word_1_38' title='bbox 732 1161 927 1242; x_wconf 68' lang='lat' dir='ltr'><em>dispositione</em></span> <span class='ocrx_word' id='word_1_39' title='bbox 952 1167 1091 1223; x_wconf 87' lang='lat' dir='ltr'><em>virorum</em></span> <span class='ocrx_word' id='word_1_40' title='bbox 1109 1163 1280 1220; x_wconf 72' lang='lat' dir='ltr'><em>illustrium</em></span> <span class='ocrx_word' id='word_1_41' title='bbox 1334 1229 1337 1232; x_wconf 23' lang='lat'>¹</span> 
     </span>
    </p>
   </div>
   <div class='ocr_carea' id='block_1_3' title="bbox 62 1247 1298 4822">
    <p class='ocr_par' dir='ltr' id='par_1_3' title="bbox 62 1247 1298 4822">
     <span class='ocr_line' id='line_1_6' title="bbox 179 1247 1280 1334; baseline -0.005 -24"><span class='ocrx_word' id='word_1_42' title='bbox 179 1249 404 1334; x_wconf 76' lang='lat' dir='ltr'><em>praefectorum</em></span> <span class='ocrx_word' id='word_1_43' title='bbox 421 1271 478 1328; x_wconf 89' lang='lat' dir='ltr'><em>per</em></span> <span class='ocrx_word' id='word_1_44' title='bbox 493 1251 667 1324; x_wconf 74' lang='lat' dir='ltr'><em>Illyricum,</em></span> <span class='ocrx_word' id='word_1_45' title='bbox 690 1267 792 1306; x_wconf 84' lang='lat' dir='ltr'><em>escum</em></span> <span class='ocrx_word' id='word_1_46' title='bbox 809 1259 968 1328; x_wconf 87' lang='lat' dir='ltr'><em>reputans,</em></span> <span class='ocrx_word' id='word_1_47' title='bbox 991 1247 1115 1307; x_wconf 91' lang='lat' dir='ltr'><em>modurn</em></span> <span class='ocrx_word' id='word_1_48' title='bbox 1134 1267 1193 1305; x_wconf 87' lang='lat' dir='ltr'><em>esse</em></span> <span class='ocrx_word' id='word_1_49' title='bbox 1202 1247 1280 1305; x_wconf 87' lang='lat' dir='ltr'><em>nul-</em></span> 
     </span>
     <span class='ocr_line' id='line_1_7' title="bbox 165 1333 1281 1416; baseline -0.002 -24"><span class='ocrx_word' id='word_1_50' title='bbox 165 1377 167 1392; x_wconf 72' lang='grc'><strong>.</strong></span> <span class='ocrx_word' id='word_1_51' title='bbox 185 1339 267 1412; x_wconf 87' lang='lat' dir='ltr'><em>lum,</em></span> <span class='ocrx_word' id='word_1_52' title='bbox 289 1357 349 1416; x_wconf 92' lang='lat' dir='ltr'><em>quo</em></span> <span class='ocrx_word' id='word_1_53' title='bbox 366 1338 430 1393; x_wconf 88' lang='lat' dir='ltr'><em>sine</em></span> <span class='ocrx_word' id='word_1_54' title='bbox 445 1336 585 1394; x_wconf 74' lang='lat' dir='ltr'><em>neclectis</em></span> <span class='ocrx_word' id='word_1_55' title='bbox 596 1333 773 1414; x_wconf 86' lang='lat' dir='ltr'><em>indictaque</em></span> <span class='ocrx_word' id='word_1_56' title='bbox 788 1353 884 1392; x_wconf 79' lang='lat' dir='ltr'><em>cama</em></span> <span class='ocrx_word' id='word_1_57' title='bbox 898 1355 932 1392; x_wconf 78' lang='lat' dir='ltr'><em>ea</em></span> <span class='ocrx_word' id='word_1_58' title='bbox 947 1335 1070 1393; x_wconf 84' lang='lat' dir='ltr'><em>ecclesia</em></span> <span class='ocrx_word' id='word_1_59' title='bbox 1087 1333 1166 1413; x_wconf 87' lang='lat' dir='ltr'><em>pelli</em></span> <span class='ocrx_word' id='word_1_60' title='bbox 1186 1333 1281 1391; x_wconf 84' lang='lat' dir='ltr'><em>turbu</em></span> 
     </span>
     <span class='ocr_line' id='line_1_8' title="bbox 180 1417 1281 1504; baseline -0.005 -23"><span class='ocrx_word' id='word_1_61' title='bbox 180 1417 284 1504; x_wconf 78' lang='lat' dir='ltr'><em>posset</em></span> <span class='ocrx_word' id='word_1_62' title='bbox 292 1463 303 1492; x_wconf 90' lang='lat'><em>,</em></span> <span class='ocrx_word' id='word_1_63' title='bbox 325 1422 389 1479; x_wconf 86' lang='lat' dir='ltr'><em>nisi</em></span> <span class='ocrx_word' id='word_1_64' title='bbox 409 1423 479 1500; x_wconf 88' lang='lat' dir='ltr'><em>quis</em></span> <span class='ocrx_word' id='word_1_65' title='bbox 500 1419 635 1478; x_wconf 88' lang='lat' dir='ltr'><em>subitam</em></span> <span class='ocrx_word' id='word_1_66' title='bbox 655 1419 857 1478; x_wconf 88' lang='lat' dir='ltr'><em>barbarorum</em></span> <span class='ocrx_word' id='word_1_67' title='bbox 872 1422 1073 1479; x_wconf 68' lang='lat' dir='ltr'><em>incursionem</em></span> <span class='ocrx_word' id='word_1_68' title='bbox 1085 1430 1281 1498; x_wconf 79' lang='lat' dir='ltr'><em>praetexeret,</em></span> 
     </span>
     <span class='ocr_line' id='line_1_9' title="bbox 186 1503 1281 1584; baseline -0.004 -18"><span class='ocrx_word' id='word_1_69' title='bbox 186 1517 331 1566; x_wconf 85' lang='lat' dir='ltr'><em>coronato</em></span> <span class='ocrx_word' id='word_1_70' title='bbox 352 1507 465 1564; x_wconf 82' lang='lat' dir='ltr'><em>victore</em></span> <span class='ocrx_word' id='word_1_71' title='bbox 489 1525 541 1566; x_wconf 87' lang='lat' dir='ltr'><em>cor</em></span> <span class='ocrx_word' id='word_1_72' title='bbox 570 1507 634 1564; x_wconf 85' lang='lat' dir='ltr'><em>elus</em></span> <span class='ocrx_word' id='word_1_73' title='bbox 664 1503 709 1562; x_wconf 84' lang='lat' dir='ltr'><em>ael</em></span> <span class='ocrx_word' id='word_1_74' title='bbox 729 1503 766 1563; x_wconf 89' lang='lat' dir='ltr'><em>id</em></span> <span class='ocrx_word' id='word_1_75' title='bbox 781 1516 985 1584; x_wconf 78' lang='lat' dir='ltr'><em>permovente,</em></span> <span class='ocrx_word' id='word_1_76' title='bbox 1007 1506 1140 1563; x_wconf 84' lang='lat' dir='ltr'><em>clamare</em></span> <span class='ocrx_word' id='word_1_77' title='bbox 1165 1508 1281 1583; x_wconf 79' lang='lat' dir='ltr'><em>coepit:</em></span> 
     </span>
     <span class='ocr_line' id='line_1_10' title="bbox 165 1589 1282 1672; baseline -0.004 -21"><span class='ocrx_word' id='word_1_78' title='bbox 165 1593 317 1672; x_wconf 69' lang='lat' dir='ltr'><em>¹„Cisres,</em></span> <span class='ocrx_word' id='word_1_79' title='bbox 339 1590 464 1648; x_wconf 90' lang='lat' dir='ltr'><em>barbari</em></span> <span class='ocrx_word' id='word_1_80' title='bbox 482 1589 528 1648; x_wconf 85' lang='lat' dir='ltr'><em>ad</em></span> <span class='ocrx_word' id='word_1_81' title='bbox 546 1611 666 1649; x_wconf 90' lang='lat' dir='ltr'><em>murum</em></span> <span class='ocrx_word' id='word_1_82' title='bbox 687 1601 896 1670; x_wconf 79' lang='lat' dir='ltr'><em>apparuerunt</em></span> <span class='ocrx_word' id='word_1_83' title='bbox 916 1593 1091 1670; x_wconf 86' lang='lat' dir='ltr'><em>inopinato:</em></span> <span class='ocrx_word' id='word_1_84' title='bbox 1112 1593 1192 1668; x_wconf 57' lang='lat' dir='ltr'><em>‘quin</em></span> <span class='ocrx_word' id='word_1_85' title='bbox 1211 1609 1282 1646; x_wconf 89' lang='lat' dir='ltr'><em>cum</em></span> 
     </span>
     <span class='ocr_line' id='line_1_11' title="bbox 136 1673 1282 1756; baseline -0.003 -20"><span class='ocrx_word' id='word_1_86' title='bbox 136 1695 138 1702; x_wconf 79' lang='grc'>’</span> <span class='ocrx_word' id='word_1_87' title='bbox 185 1679 283 1736; x_wconf 87' lang='lat' dir='ltr'><em>armis</em></span> <span class='ocrx_word' id='word_1_88' title='bbox 303 1695 404 1733; x_wconf 87' lang='lat' dir='ltr'><em>omnes</em></span> <span class='ocrx_word' id='word_1_89' title='bbox 416 1697 476 1754; x_wconf 90' lang='lat' dir='ltr'><em>pro</em></span> <span class='ocrx_word' id='word_1_90' title='bbox 494 1679 605 1755; x_wconf 88' lang='lat' dir='ltr'><em>patria</em></span> <span class='ocrx_word' id='word_1_91' title='bbox 620 1673 827 1756; x_wconf 88' lang='lat' dir='ltr'><em>procurrite.&#39;&#39;</em></span> <span class='ocrx_word' id='word_1_92' title='bbox 869 1678 957 1734; x_wconf 83' lang='lat' dir='ltr'><em>Haec</em></span> <span class='ocrx_word' id='word_1_93' title='bbox 981 1676 1035 1734; x_wconf 86' lang='lat' dir='ltr'><em>ille</em></span> <span class='ocrx_word' id='word_1_94' title='bbox 1057 1675 1226 1745; x_wconf 81' lang='lat' dir='ltr'><em>simulans,</em></span> <span class='ocrx_word' id='word_1_95' title='bbox 1246 1685 1282 1732; x_wconf 84' lang='lat' dir='ltr'><em>ut</em></span> 
     </span>
     <span class='ocr_line' id='line_1_12' title="bbox 185 1758 1280 1840; baseline -0.007 -17"><span class='ocrx_word' id='word_1_96' title='bbox 185 1763 303 1840; x_wconf 78' lang='lat' dir='ltr'><em>vulgus</em></span> <span class='ocrx_word' id='word_1_97' title='bbox 313 1758 453 1819; x_wconf 85' lang='lat' dir='ltr'><em>uidelicet</em></span> <span class='ocrx_word' id='word_1_98' title='bbox 465 1763 558 1820; x_wconf 80' lang='lat' dir='ltr'><em>exciri</em></span> <span class='ocrx_word' id='word_1_99' title='bbox 578 1783 612 1819; x_wconf 78' lang='lat' dir='ltr'><em>ee</em></span> <span class='ocrx_word' id='word_1_100' title='bbox 631 1761 769 1836; x_wconf 84' lang='lat' dir='ltr'><em>ecelesia,</em></span> <span class='ocrx_word' id='word_1_101' title='bbox 791 1761 996 1840; x_wconf 73' lang='lat' dir='ltr'><em>vestibulaque</em></span> <span class='ocrx_word' id='word_1_102' title='bbox 1009 1758 1130 1818; x_wconf 81' lang='lat' dir='ltr'><em>occludi</em></span> <span class='ocrx_word' id='word_1_103' title='bbox 1138 1769 1280 1838; x_wconf 82' lang='lat' dir='ltr'><em>possent,-</em></span> 
     </span>
     <span class='ocr_line' id='line_1_13' title="bbox 179 1842 1281 1928; baseline -0.003 -23"><span class='ocrx_word' id='word_1_104' title='bbox 179 1859 348 1928; x_wconf 83' lang='lat' dir='ltr'><em>posteaque</em></span> <span class='ocrx_word' id='word_1_105' title='bbox 361 1845 464 1904; x_wconf 85' lang='lat' dir='ltr'><em>sedate</em></span> <span class='ocrx_word' id='word_1_106' title='bbox 476 1843 659 1926; x_wconf 70' lang='lat' dir='ltr'><em>conquisitio</em></span> <span class='ocrx_word' id='word_1_107' title='bbox 671 1849 790 1926; x_wconf 78' lang='lat' dir='ltr'><em>argenti</em></span> <span class='ocrx_word' id='word_1_108' title='bbox 798 1848 972 1924; x_wconf 75' lang='lat' dir='ltr'><em>[resisteret.</em></span> <span class='ocrx_word' id='word_1_109' title='bbox 1015 1845 1138 1904; x_wconf 86' lang='lat' dir='ltr'><em>Atenim</em></span> <span class='ocrx_word' id='word_1_110' title='bbox 1158 1842 1195 1902; x_wconf 89' lang='lat' dir='ltr'><em>id</em></span> <span class='ocrx_word' id='word_1_111' title='bbox 1205 1865 1281 1922; x_wconf 84' lang='lat' dir='ltr'><em>pro·</em></span> 
     </span>
     <span class='ocr_line' id='line_1_14' title="bbox 185 1929 1283 2011; baseline -0.006 -18"><span class='ocrx_word' id='word_1_112' title='bbox 185 1931 323 1994; x_wconf 65' lang='lat' dir='ltr'><em>rimatio</em></span> <span class='ocrx_word' id='word_1_113' title='bbox 340 1929 453 1990; x_wconf 85' lang='lat' dir='ltr'><em>accidit</em></span> <span class='ocrx_word' id='word_1_114' title='bbox 465 1934 683 2011; x_wconf 68' lang='lat' dir='ltr'><em>gloriosissimi</em></span> <span class='ocrx_word' id='word_1_115' title='bbox 695 1933 851 2010; x_wconf 78' lang='lat' dir='ltr'><em>Martyris,</em></span> <span class='ocrx_word' id='word_1_116' title='bbox 873 1953 910 1988; x_wconf 90' lang='lat' dir='ltr'><em>ne</em></span> <span class='ocrx_word' id='word_1_117' title='bbox 924 1933 1085 1989; x_wconf 85' lang='lat' dir='ltr'><em>inscientia</em></span> <span class='ocrx_word' id='word_1_118' title='bbox 1105 1941 1211 1987; x_wconf 88' lang='lat' dir='ltr'><em>nostru</em></span> <span class='ocrx_word' id='word_1_119' title='bbox 1225 1950 1283 1987; x_wconf 89' lang='lat' dir='ltr'><em>no-</em></span> 
     </span>
     <span class='ocr_line' id='line_1_15' title="bbox 185 2013 1281 2096; baseline -0.005 -20"><span class='ocrx_word' id='word_1_120' title='bbox 185 2027 237 2076; x_wconf 81' lang='lat' dir='ltr'><em>ctu</em></span> <span class='ocrx_word' id='word_1_121' title='bbox 246 2017 472 2096; x_wconf 79' lang='lat' dir='ltr'><em>periclitaretur</em></span> <span class='ocrx_word' id='word_1_122' title='bbox 492 2020 613 2078; x_wconf 77' lang='lat' dir='ltr'><em>civitas.</em></span> <span class='ocrx_word' id='word_1_123' title='bbox 647 2017 730 2075; x_wconf 88' lang='lat' dir='ltr'><em>Nam</em></span> <span class='ocrx_word' id='word_1_124' title='bbox 740 2017 876 2095; x_wconf 89' lang='lat' dir='ltr'><em>populus</em></span> <span class='ocrx_word' id='word_1_125' title='bbox 890 2019 1004 2091; x_wconf 86' lang='lat' dir='ltr'><em>omnis,</em></span> <span class='ocrx_word' id='word_1_126' title='bbox 1026 2013 1139 2072; x_wconf 87' lang='lat' dir='ltr'><em>audita</em></span> <span class='ocrx_word' id='word_1_127' title='bbox 1155 2014 1281 2071; x_wconf 87' lang='lat' dir='ltr'><em>illa-nee</em></span> 
     </span>
     <span class='ocr_line' id='line_1_16' title="bbox 185 2101 1298 2181; baseline -0.004 -21"><span class='ocrx_word' id='word_1_128' title='bbox 185 2104 314 2181; x_wconf 81' lang='lat' dir='ltr'><em>opinata</em></span> <span class='ocrx_word' id='word_1_129' title='bbox 333 2123 414 2177; x_wconf 84' lang='lat' dir='ltr'><em>uoce,</em></span> <span class='ocrx_word' id='word_1_130' title='bbox 435 2103 468 2159; x_wconf 90' lang='lat' dir='ltr'><em>in</em></span> <span class='ocrx_word' id='word_1_131' title='bbox 481 2101 601 2160; x_wconf 87' lang='lat' dir='ltr'><em>domam</em></span> <span class='ocrx_word' id='word_1_132' title='bbox 614 2104 739 2179; x_wconf 88' lang='lat' dir='ltr'><em>quisque</em></span> <span class='ocrx_word' id='word_1_133' title='bbox 748 2121 839 2158; x_wconf 89' lang='lat' dir='ltr'><em>suam</em></span> <span class='ocrx_word' id='word_1_134' title='bbox 860 2105 1007 2175; x_wconf 83' lang='lat' dir='ltr'><em>cucurrit,</em></span> <span class='ocrx_word' id='word_1_135' title='bbox 1028 2103 1182 2179; x_wconf 89' lang='lat' dir='ltr'><em>armisque</em></span> <span class='ocrx_word' id='word_1_136' title='bbox 1195 2119 1298 2156; x_wconf 51' lang='lat' dir='ltr'><em>sum-³</em></span> 
     </span>
     <span class='ocr_line' id='line_1_17' title="bbox 186 2179 1283 2268; baseline -0.003 -24"><span class='ocrx_word' id='word_1_137' title='bbox 186 2191 228 2244; x_wconf 88' lang='lat' dir='ltr'><em>tis</em></span> <span class='ocrx_word' id='word_1_138' title='bbox 245 2205 349 2244; x_wconf 84' lang='lat' dir='ltr'><em>muros</em></span> <span class='ocrx_word' id='word_1_139' title='bbox 363 2184 541 2246; x_wconf 84' lang='lat' dir='ltr'><em>conscendit.</em></span> <span class='ocrx_word' id='word_1_140' title='bbox 570 2179 660 2268; x_wconf 71' lang='lat' dir='ltr'><em>v(ill.)</em></span> <span class='ocrx_word' id='word_1_141' title='bbox 683 2185 732 2244; x_wconf 86' lang='lat' dir='ltr'><em>Ibi</em></span> <span class='ocrx_word' id='word_1_142' title='bbox 748 2188 939 2264; x_wconf 87' lang='lat' dir='ltr'><em>conspiciunt</em></span> <span class='ocrx_word' id='word_1_143' title='bbox 953 2189 986 2244; x_wconf 90' lang='lat' dir='ltr'><em>in</em></span> <span class='ocrx_word' id='word_1_144' title='bbox 998 2206 1104 2264; x_wconf 82' lang='lat' dir='ltr'><em>campo</em></span> <span class='ocrx_word' id='word_1_145' title='bbox 1115 2183 1283 2242; x_wconf 77' lang='lat' dir='ltr'><em>verterandi</em></span> 
     </span>
     <span class='ocr_line' id='line_1_18' title="bbox 185 2267 1282 2350; baseline -0.003 -22"><span class='ocrx_word' id='word_1_146' title='bbox 185 2267 304 2328; x_wconf 75' lang='lat' dir='ltr'><em>delubri</em></span> <span class='ocrx_word' id='word_1_147' title='bbox 317 2272 461 2348; x_wconf 78' lang='lat' dir='ltr'><em>martyris</em></span> <span class='ocrx_word' id='word_1_148' title='bbox 479 2269 634 2330; x_wconf 77' lang='lat' dir='ltr'><em>Christum</em></span> <span class='ocrx_word' id='word_1_149' title='bbox 645 2275 797 2350; x_wconf 81' lang='lat' dir='ltr'><em>gestantis</em></span> <span class='ocrx_word' id='word_1_150' title='bbox 814 2273 976 2330; x_wconf 82' lang='lat' dir='ltr'><em>Matronae</em></span> <span class='ocrx_word' id='word_1_151' title='bbox 991 2271 1113 2330; x_wconf 86' lang='lat' dir='ltr'><em>turbam</em></span> <span class='ocrx_word' id='word_1_152' title='bbox 1126 2269 1282 2327; x_wconf 88' lang='lat' dir='ltr'><em>barbaro-</em></span> 
     </span>
     <span class='ocr_line' id='line_1_19' title="bbox 184 2353 1280 2436; baseline -0.002 -22"><span class='ocrx_word' id='word_1_153' title='bbox 184 2375 274 2431; x_wconf 90' lang='lat' dir='ltr'><em>rum,</em></span> <span class='ocrx_word' id='word_1_154' title='bbox 293 2356 412 2412; x_wconf 87' lang='lat' dir='ltr'><em>nonita</em></span> <span class='ocrx_word' id='word_1_155' title='bbox 431 2353 553 2434; x_wconf 86' lang='lat' dir='ltr'><em>quidem</em></span> <span class='ocrx_word' id='word_1_156' title='bbox 566 2375 712 2435; x_wconf 72' lang='lat' dir='ltr'><em>magum</em></span> <span class='ocrx_word' id='word_1_157' title='bbox 734 2353 796 2436; x_wconf 90' lang='lat' dir='ltr'><em>(ad</em></span> <span class='ocrx_word' id='word_1_158' title='bbox 808 2359 937 2436; x_wconf 89' lang='lat' dir='ltr'><em>quinque</em></span> <span class='ocrx_word' id='word_1_159' title='bbox 951 2357 1052 2414; x_wconf 88' lang='lat' dir='ltr'><em>millia</em></span> <span class='ocrx_word' id='word_1_160' title='bbox 1070 2355 1280 2416; x_wconf 82' lang='lat' dir='ltr'><em>aestinsuban·</em></span> 
     </span>
     <span class='ocr_line' id='line_1_20' title="bbox 78 2437 1282 2522; baseline -0.002 -24"><span class='ocrx_word' id='word_1_161' title='bbox 78 2453 81 2460; x_wconf 83' lang='lat'><em>‘</em></span> <span class='ocrx_word' id='word_1_162' title='bbox 185 2449 238 2498; x_wconf 82' lang='lat' dir='ltr'><em>tur</em></span> <span class='ocrx_word' id='word_1_163' title='bbox 261 2461 283 2496; x_wconf 87' lang='lat' dir='ltr'><em>a</em></span> <span class='ocrx_word' id='word_1_164' title='bbox 303 2437 424 2520; x_wconf 82' lang='lat' dir='ltr'><em>nobis),</em></span> <span class='ocrx_word' id='word_1_165' title='bbox 452 2440 568 2500; x_wconf 68' lang='lat' dir='ltr'><em>viribus</em></span> <span class='ocrx_word' id='word_1_166' title='bbox 587 2453 689 2500; x_wconf 85' lang='lat' dir='ltr'><em>autent</em></span> <span class='ocrx_word' id='word_1_167' title='bbox 705 2441 877 2519; x_wconf 84' lang='lat' dir='ltr'><em>plurimum</em></span> <span class='ocrx_word' id='word_1_168' title='bbox 898 2441 1060 2516; x_wconf 78' lang='lat' dir='ltr'><em>ualentem,</em></span> <span class='ocrx_word' id='word_1_169' title='bbox 1091 2438 1176 2522; x_wconf 88' lang='lat' dir='ltr'><em>quod</em></span> <span class='ocrx_word' id='word_1_170' title='bbox 1195 2439 1282 2497; x_wconf 83' lang='lat' dir='ltr'><em>electi</em></span> 
     </span>
     <span class='ocr_line' id='line_1_21' title="bbox 185 2522 1281 2605; baseline -0.002 -21"><span class='ocrx_word' id='word_1_171' title='bbox 185 2533 281 2584; x_wconf 87' lang='lat' dir='ltr'><em>essent</em></span> <span class='ocrx_word' id='word_1_172' title='bbox 300 2545 401 2582; x_wconf 85' lang='lat' dir='ltr'><em>omnes</em></span> <span class='ocrx_word' id='word_1_173' title='bbox 421 2535 449 2582; x_wconf 89' lang='lat' dir='ltr'><em>et</em></span> <span class='ocrx_word' id='word_1_174' title='bbox 472 2528 505 2584; x_wconf 89' lang='lat' dir='ltr'><em>in</em></span> <span class='ocrx_word' id='word_1_175' title='bbox 534 2526 620 2584; x_wconf 87' lang='lat' dir='ltr'><em>bellis</em></span> <span class='ocrx_word' id='word_1_176' title='bbox 639 2529 800 2588; x_wconf 72' lang='lat' dir='ltr'><em>exercitati.</em></span> <span class='ocrx_word' id='word_1_177' title='bbox 843 2527 945 2605; x_wconf 87' lang='lat' dir='ltr'><em>Neque</em></span> <span class='ocrx_word' id='word_1_178' title='bbox 965 2537 1029 2584; x_wconf 92' lang='lat' dir='ltr'><em>tam</em></span> <span class='ocrx_word' id='word_1_179' title='bbox 1050 2525 1151 2584; x_wconf 84' lang='lat' dir='ltr'><em>subito</em></span> <span class='ocrx_word' id='word_1_180' title='bbox 1176 2522 1281 2583; x_wconf 85' lang='lat' dir='ltr'><em>adorti</em></span> 
     </span>
     <span class='ocr_line' id='line_1_22' title="bbox 185 2611 1281 2691; baseline -0.001 -23"><span class='ocrx_word' id='word_1_181' title='bbox 185 2620 280 2668; x_wconf 75' lang='lat' dir='ltr'><em>esseest</em></span> <span class='ocrx_word' id='word_1_182' title='bbox 294 2620 415 2668; x_wconf 86' lang='lat' dir='ltr'><em>tantam</em></span> <span class='ocrx_word' id='word_1_183' title='bbox 428 2611 546 2686; x_wconf 87' lang='lat' dir='ltr'><em>urbem,</em></span> <span class='ocrx_word' id='word_1_184' title='bbox 569 2613 630 2669; x_wconf 89' lang='lat' dir='ltr'><em>nisi</em></span> <span class='ocrx_word' id='word_1_185' title='bbox 642 2613 745 2670; x_wconf 82' lang='lat' dir='ltr'><em>robore</em></span> <span class='ocrx_word' id='word_1_186' title='bbox 759 2623 787 2669; x_wconf 88' lang='lat' dir='ltr'><em>et</em></span> <span class='ocrx_word' id='word_1_187' title='bbox 800 2615 903 2670; x_wconf 89' lang='lat' dir='ltr'><em>animo</em></span> <span class='ocrx_word' id='word_1_188' title='bbox 919 2619 1067 2691; x_wconf 85' lang='lat' dir='ltr'><em>quotquot</em></span> <span class='ocrx_word' id='word_1_189' title='bbox 1080 2631 1205 2668; x_wconf 86' lang='lat' dir='ltr'><em>suorum</em></span> <span class='ocrx_word' id='word_1_190' title='bbox 1218 2629 1281 2666; x_wconf 80' lang='lat' dir='ltr'><em>urs-</em></span> 
     </span>
     <span class='ocr_line' id='line_1_23' title="bbox 186 2693 1280 2776; baseline -0.001 -23"><span class='ocrx_word' id='word_1_191' title='bbox 186 2715 282 2775; x_wconf 87' lang='lat' dir='ltr'><em>quam</em></span> <span class='ocrx_word' id='word_1_192' title='bbox 293 2693 472 2775; x_wconf 82' lang='lat' dir='ltr'><em>praeliandi</em></span> <span class='ocrx_word' id='word_1_193' title='bbox 492 2717 589 2754; x_wconf 87' lang='lat' dir='ltr'><em>causa</em></span> <span class='ocrx_word' id='word_1_194' title='bbox 612 2699 744 2754; x_wconf 76' lang='lat' dir='ltr'><em>exierant</em></span> <span class='ocrx_word' id='word_1_195' title='bbox 757 2707 958 2776; x_wconf 82' lang='lat' dir='ltr'><em>superassent.</em></span> <span class='ocrx_word' id='word_1_196' title='bbox 1004 2697 1091 2754; x_wconf 77' lang='lat' dir='ltr'><em>Cives</em></span> <span class='ocrx_word' id='word_1_197' title='bbox 1112 2705 1149 2754; x_wconf 89' lang='lat' dir='ltr'><em>ut</em></span> <span class='ocrx_word' id='word_1_198' title='bbox 1166 2715 1280 2752; x_wconf 90' lang='lat' dir='ltr'><em>ernuro</em></span> 
     </span>
     <span class='ocr_line' id='line_1_24' title="bbox 185 2777 1281 2860; baseline -0.001 -23"><span class='ocrx_word' id='word_1_199' title='bbox 185 2781 347 2838; x_wconf 82' lang='lat' dir='ltr'><em>clamorem</em></span> <span class='ocrx_word' id='word_1_200' title='bbox 361 2781 564 2856; x_wconf 86' lang='lat' dir='ltr'><em>sustulerant,</em></span> <span class='ocrx_word' id='word_1_201' title='bbox 586 2779 771 2840; x_wconf 76' lang='lat' dir='ltr'><em>adversariis</em></span> <span class='ocrx_word' id='word_1_202' title='bbox 781 2785 940 2860; x_wconf 89' lang='lat' dir='ltr'><em>perspicue</em></span> <span class='ocrx_word' id='word_1_203' title='bbox 953 2783 1028 2840; x_wconf 81' lang='lat' dir='ltr'><em>visis</em></span> <span class='ocrx_word' id='word_1_204' title='bbox 1042 2777 1124 2860; x_wconf 89' lang='lat' dir='ltr'><em>(iarn</em></span> <span class='ocrx_word' id='word_1_205' title='bbox 1139 2782 1219 2838; x_wconf 90' lang='lat' dir='ltr'><em>enim</em></span> <span class='ocrx_word' id='word_1_206' title='bbox 1233 2778 1281 2836; x_wconf 84' lang='lat' dir='ltr'><em>di-</em></span> 
     </span>
     <span class='ocr_line' id='line_1_25' title="bbox 185 2863 1280 2947; baseline -0.002 -24"><span class='ocrx_word' id='word_1_207' title='bbox 185 2865 328 2924; x_wconf 76' lang='lat' dir='ltr'><em>luceolum</em></span> <span class='ocrx_word' id='word_1_208' title='bbox 343 2876 409 2924; x_wconf 88' lang='lat' dir='ltr'><em>erat</em></span> <span class='ocrx_word' id='word_1_209' title='bbox 418 2909 426 2941; x_wconf 93' lang='lat'><em>,</em></span> <span class='ocrx_word' id='word_1_210' title='bbox 448 2877 477 2924; x_wconf 89' lang='lat' dir='ltr'><em>et</em></span> <span class='ocrx_word' id='word_1_211' title='bbox 494 2867 638 2946; x_wconf 80' lang='lat' dir='ltr'><em>surgebat</em></span> <span class='ocrx_word' id='word_1_212' title='bbox 657 2863 756 2947; x_wconf 87' lang='lat' dir='ltr'><em>dies),</em></span> <span class='ocrx_word' id='word_1_213' title='bbox 770 2868 908 2946; x_wconf 84' lang='lat' dir='ltr'><em>plerique</em></span> <span class='ocrx_word' id='word_1_214' title='bbox 924 2863 1144 2940; x_wconf 85' lang='lat' dir='ltr'><em>descendentes,</em></span> <span class='ocrx_word' id='word_1_215' title='bbox 1166 2883 1280 2922; x_wconf 87' lang='lat' dir='ltr'><em>resera·</em></span> 
     </span>
     <span class='ocr_line' id='line_1_26' title="bbox 73 2950 1281 3030; baseline -0.003 -20"><span class='ocrx_word' id='word_1_216' title='bbox 73 2999 80 3010; x_wconf 85' lang='lat'>.</span> <span class='ocrx_word' id='word_1_217' title='bbox 184 2953 226 3008; x_wconf 87' lang='lat' dir='ltr'><em>tle</em></span> <span class='ocrx_word' id='word_1_218' title='bbox 233 2953 346 3030; x_wconf 87' lang='lat' dir='ltr'><em>portis,</em></span> <span class='ocrx_word' id='word_1_219' title='bbox 370 2950 490 3010; x_wconf 81' lang='lat' dir='ltr'><em>Cbristo</em></span> <span class='ocrx_word' id='word_1_220' title='bbox 504 2963 532 3010; x_wconf 90' lang='lat' dir='ltr'><em>et</em></span> <span class='ocrx_word' id='word_1_221' title='bbox 544 2963 686 3010; x_wconf 87' lang='lat' dir='ltr'><em>coronata</em></span> <span class='ocrx_word' id='word_1_222' title='bbox 701 2955 810 3012; x_wconf 79' lang='lat' dir='ltr'><em>victore</em></span> <span class='ocrx_word' id='word_1_223' title='bbox 824 2953 895 3009; x_wconf 88' lang='lat' dir='ltr'><em>illos</em></span> <span class='ocrx_word' id='word_1_224' title='bbox 908 2950 1074 3026; x_wconf 86' lang='lat' dir='ltr'><em>roborante,</em></span> <span class='ocrx_word' id='word_1_225' title='bbox 1086 2952 1176 3027; x_wconf 89' lang='lat' dir='ltr'><em>foris</em></span> <span class='ocrx_word' id='word_1_226' title='bbox 1184 2970 1281 3028; x_wconf 89' lang='lat' dir='ltr'><em>prae·</em></span> 
     </span>
     <span class='ocr_line' id='line_1_27' title="bbox 183 3035 1280 3116; baseline 0 -24"><span class='ocrx_word' id='word_1_227' title='bbox 183 3035 262 3094; x_wconf 85' lang='lat' dir='ltr'><em>lium</em></span> <span class='ocrx_word' id='word_1_228' title='bbox 282 3055 353 3093; x_wconf 88' lang='lat' dir='ltr'><em>aum</em></span> <span class='ocrx_word' id='word_1_229' title='bbox 366 3035 505 3094; x_wconf 76' lang='lat' dir='ltr'><em>hostibus</em></span> <span class='ocrx_word' id='word_1_230' title='bbox 515 3039 673 3112; x_wconf 84' lang='lat' dir='ltr'><em>fecerunt,</em></span> <span class='ocrx_word' id='word_1_231' title='bbox 696 3039 749 3116; x_wconf 87' lang='lat' dir='ltr'><em>qui</em></span> <span class='ocrx_word' id='word_1_232' title='bbox 757 3039 869 3114; x_wconf 88' lang='lat' dir='ltr'><em>furore</em></span> <span class='ocrx_word' id='word_1_233' title='bbox 881 3039 1025 3114; x_wconf 85' lang='lat' dir='ltr'><em>feritatis</em></span> <span class='ocrx_word' id='word_1_234' title='bbox 1044 3057 1119 3095; x_wconf 85' lang='lat' dir='ltr'><em>suae</em></span> <span class='ocrx_word' id='word_1_235' title='bbox 1135 3038 1201 3092; x_wconf 90' lang='lat' dir='ltr'><em>iarn</em></span> <span class='ocrx_word' id='word_1_236' title='bbox 1224 3053 1280 3092; x_wconf 84' lang='lat' dir='ltr'><em>ue-</em></span> 
     </span>
     <span class='ocr_line' id='line_1_28' title="bbox 183 3117 1279 3199; baseline -0.001 -23"><span class='ocrx_word' id='word_1_237' title='bbox 183 3139 243 3199; x_wconf 85' lang='lat' dir='ltr'><em>que</em></span> <span class='ocrx_word' id='word_1_238' title='bbox 255 3118 301 3178; x_wconf 90' lang='lat' dir='ltr'><em>ad</em></span> <span class='ocrx_word' id='word_1_239' title='bbox 314 3131 484 3197; x_wconf 82' lang='lat' dir='ltr'><em>augustum</em></span> <span class='ocrx_word' id='word_1_240' title='bbox 490 3123 609 3197; x_wconf 83' lang='lat' dir='ltr'><em>sursum</em></span> <span class='ocrx_word' id='word_1_241' title='bbox 628 3125 721 3179; x_wconf 87' lang='lat' dir='ltr'><em>trium</em></span> <span class='ocrx_word' id='word_1_242' title='bbox 733 3133 910 3180; x_wconf 88' lang='lat' dir='ltr'><em>sanctarum</em></span> <span class='ocrx_word' id='word_1_243' title='bbox 925 3132 1111 3198; x_wconf 70' lang='lat' dir='ltr'><em>marturum,</em></span> <span class='ocrx_word' id='word_1_244' title='bbox 1136 3117 1279 3194; x_wconf 72' lang='lat' dir='ltr'><em>libianae,</em></span> 
     </span>
     <span class='ocr_line' id='line_1_29' title="bbox 183 3195 1279 3286; baseline 0 -24"><span class='ocrx_word' id='word_1_245' title='bbox 183 3203 287 3262; x_wconf 79' lang='lat' dir='ltr'><em>leenae</em></span> <span class='ocrx_word' id='word_1_246' title='bbox 299 3215 328 3262; x_wconf 88' lang='lat' dir='ltr'><em>et</em></span> <span class='ocrx_word' id='word_1_247' title='bbox 339 3195 473 3284; x_wconf 77' lang='lat' dir='ltr'><em>Agapee,¹</em></span> <span class='ocrx_word' id='word_1_248' title='bbox 481 3215 674 3284; x_wconf 76' lang='lat' dir='ltr'><em>proruerunt.</em></span> <span class='ocrx_word' id='word_1_249' title='bbox 699 3204 745 3282; x_wconf 91' lang='lat' dir='ltr'><em>Id,</em></span> <span class='ocrx_word' id='word_1_250' title='bbox 762 3218 797 3264; x_wconf 87' lang='lat' dir='ltr'><em>ut</em></span> <span class='ocrx_word' id='word_1_251' title='bbox 808 3209 903 3280; x_wconf 86' lang='lat' dir='ltr'><em>saitis,</em></span> <span class='ocrx_word' id='word_1_252' title='bbox 915 3209 1052 3286; x_wconf 77' lang='lat' dir='ltr'><em>proxime</em></span> <span class='ocrx_word' id='word_1_253' title='bbox 1066 3205 1181 3264; x_wconf 83' lang='lat' dir='ltr'><em>abesto</em></span> <span class='ocrx_word' id='word_1_254' title='bbox 1189 3225 1279 3262; x_wconf 89' lang='lat' dir='ltr'><em>muro</em></span> 
     </span>
     <span class='ocr_line' id='line_1_30' title="bbox 182 3287 1280 3363; baseline 0.002 -17"><span class='ocrx_word' id='word_1_255' title='bbox 182 3289 279 3348; x_wconf 82' lang='lat' dir='ltr'><em>urbis.</em></span> <span class='ocrx_word' id='word_1_256' title='bbox 322 3290 372 3347; x_wconf 86' lang='lat' dir='ltr'><em>Ita</em></span> <span class='ocrx_word' id='word_1_257' title='bbox 386 3311 454 3347; x_wconf 89' lang='lat' dir='ltr'><em>cum</em></span> <span class='ocrx_word' id='word_1_258' title='bbox 469 3287 514 3348; x_wconf 86' lang='lat' dir='ltr'><em>ad</em></span> <span class='ocrx_word' id='word_1_259' title='bbox 528 3293 659 3349; x_wconf 83' lang='lat' dir='ltr'><em>multum</em></span> <span class='ocrx_word' id='word_1_260' title='bbox 670 3288 748 3348; x_wconf 86' lang='lat' dir='ltr'><em>diem</em></span> <span class='ocrx_word' id='word_1_261' title='bbox 763 3293 852 3349; x_wconf 87' lang='lat' dir='ltr'><em>alteri</em></span> <span class='ocrx_word' id='word_1_262' title='bbox 866 3293 971 3349; x_wconf 88' lang='lat' dir='ltr'><em>alteris</em></span> <span class='ocrx_word' id='word_1_263' title='bbox 987 3301 1206 3363; x_wconf 85' lang='lat' dir='ltr'><em>concrsrrerent,</em></span> <span class='ocrx_word' id='word_1_264' title='bbox 1228 3293 1280 3348; x_wconf 66' lang='lat' dir='ltr'><em>im»</em></span> 
     </span>
     <span class='ocr_line' id='line_1_31' title="bbox 180 3372 1279 3454; baseline 0 -23"><span class='ocrx_word' id='word_1_265' title='bbox 180 3375 415 3453; x_wconf 75' lang='lat' dir='ltr'><em>uastationesque</em></span> <span class='ocrx_word' id='word_1_266' title='bbox 430 3393 468 3431; x_wconf 83' lang='lat' dir='ltr'><em>aa</em></span> <span class='ocrx_word' id='word_1_267' title='bbox 481 3395 615 3432; x_wconf 84' lang='lat' dir='ltr'><em>recessus</em></span> <span class='ocrx_word' id='word_1_268' title='bbox 631 3395 691 3433; x_wconf 88' lang='lat' dir='ltr'><em>non</em></span> <span class='ocrx_word' id='word_1_269' title='bbox 708 3377 772 3433; x_wconf 88' lang='lat' dir='ltr'><em>sine</em></span> <span class='ocrx_word' id='word_1_270' title='bbox 787 3374 962 3434; x_wconf 86' lang='lat' dir='ltr'><em>discrimine</em></span> <span class='ocrx_word' id='word_1_271' title='bbox 966 3377 1109 3452; x_wconf 85' lang='lat' dir='ltr'><em>facerent</em></span> <span class='ocrx_word' id='word_1_272' title='bbox 1121 3372 1279 3454; x_wconf 73' lang='lat' dir='ltr'><em>oppidani,</em></span> 
     </span>
     <span class='ocr_line' id='line_1_32' title="bbox 62 3451 1280 3540; baseline 0 -24"><span class='ocrx_word' id='word_1_273' title='bbox 62 3451 77 3459; x_wconf 73' lang='grc'><em>”</em></span> <span class='ocrx_word' id='word_1_274' title='bbox 180 3455 249 3516; x_wconf 85' lang='lat' dir='ltr'><em>ideo</em></span> <span class='ocrx_word' id='word_1_275' title='bbox 272 3456 354 3538; x_wconf 89' lang='lat' dir='ltr'><em>quod</em></span> <span class='ocrx_word' id='word_1_276' title='bbox 366 3460 433 3540; x_wconf 87' lang='lat' dir='ltr'><em>flos</em></span> <span class='ocrx_word' id='word_1_277' title='bbox 458 3479 493 3516; x_wconf 80' lang='lat' dir='ltr'><em>ex</em></span> <span class='ocrx_word' id='word_1_278' title='bbox 515 3462 597 3518; x_wconf 91' lang='lat' dir='ltr'><em>omni</em></span> <span class='ocrx_word' id='word_1_279' title='bbox 617 3461 827 3520; x_wconf 76' lang='lat' dir='ltr'><em>Solarinorum</em></span> <span class='ocrx_word' id='word_1_280' title='bbox 841 3472 929 3540; x_wconf 81' lang='lat' dir='ltr'><em>gente</em></span> <span class='ocrx_word' id='word_1_281' title='bbox 945 3460 1113 3537; x_wconf 81' lang='lat' dir='ltr'><em>delibatus,</em></span> <span class='ocrx_word' id='word_1_282' title='bbox 1133 3461 1213 3518; x_wconf 82' lang='lat' dir='ltr'><em>sie-ut</em></span> <span class='ocrx_word' id='word_1_283' title='bbox 1228 3458 1280 3516; x_wconf 89' lang='lat' dir='ltr'><em>di-</em></span> 
     </span>
     <span class='ocr_line' id='line_1_33' title="bbox 181 3541 1280 3625; baseline 0 -25"><span class='ocrx_word' id='word_1_284' title='bbox 181 3553 268 3602; x_wconf 88' lang='lat' dir='ltr'><em>ctum</em></span> <span class='ocrx_word' id='word_1_285' title='bbox 289 3554 351 3620; x_wconf 91' lang='lat' dir='ltr'><em>est,</em></span> <span class='ocrx_word' id='word_1_286' title='bbox 372 3547 405 3603; x_wconf 93' lang='lat' dir='ltr'><em>in</em></span> <span class='ocrx_word' id='word_1_287' title='bbox 427 3541 556 3604; x_wconf 74' lang='lat' dir='ltr'><em>adversa</em></span> <span class='ocrx_word' id='word_1_288' title='bbox 574 3549 639 3604; x_wconf 88' lang='lat' dir='ltr'><em>acie</em></span> <span class='ocrx_word' id='word_1_289' title='bbox 660 3550 852 3604; x_wconf 85' lang='lat' dir='ltr'><em>constiterat:</em></span> <span class='ocrx_word' id='word_1_290' title='bbox 875 3544 1017 3625; x_wconf 86' lang='lat' dir='ltr'><em>denique,</em></span> <span class='ocrx_word' id='word_1_291' title='bbox 1041 3548 1106 3624; x_wconf 81' lang='lat' dir='ltr'><em>rpeo</em></span> <span class='ocrx_word' id='word_1_292' title='bbox 1130 3546 1280 3622; x_wconf 75' lang='lat' dir='ltr'><em>Martyris</em></span> 
     </span>
     <span class='ocr_line' id='line_1_34' title="bbox 179 3627 1279 3709; baseline -0.003 -21"><span class='ocrx_word' id='word_1_293' title='bbox 179 3631 304 3688; x_wconf 85' lang='lat' dir='ltr'><em>numine</em></span> <span class='ocrx_word' id='word_1_294' title='bbox 332 3651 364 3688; x_wconf 87' lang='lat' dir='ltr'><em>se</em></span> <span class='ocrx_word' id='word_1_295' title='bbox 393 3627 586 3706; x_wconf 83' lang='lat' dir='ltr'><em>deolesrante,</em></span> <span class='ocrx_word' id='word_1_296' title='bbox 617 3653 730 3690; x_wconf 87' lang='lat' dir='ltr'><em>manus</em></span> <span class='ocrx_word' id='word_1_297' title='bbox 762 3632 897 3691; x_wconf 87' lang='lat' dir='ltr'><em>barbara</em></span> <span class='ocrx_word' id='word_1_298' title='bbox 926 3653 958 3690; x_wconf 89' lang='lat' dir='ltr'><em>eo</em></span> <span class='ocrx_word' id='word_1_299' title='bbox 988 3633 1053 3709; x_wconf 85' lang='lat' dir='ltr'><em>ipso</em></span> <span class='ocrx_word' id='word_1_300' title='bbox 1082 3627 1131 3686; x_wconf 83' lang='lat' dir='ltr'><em>die</em></span> <span class='ocrx_word' id='word_1_301' title='bbox 1156 3630 1279 3707; x_wconf 86' lang='lat' dir='ltr'><em>repulsa</em></span> 
     </span>
     <span class='ocr_line' id='line_1_35' title="bbox 182 3713 1280 3796; baseline -0.002 -24"><span class='ocrx_word' id='word_1_302' title='bbox 182 3725 243 3790; x_wconf 88' lang='lat' dir='ltr'><em>est,</em></span> <span class='ocrx_word' id='word_1_303' title='bbox 273 3718 438 3796; x_wconf 67' lang='lat' dir='ltr'><em>revertique</em></span> <span class='ocrx_word' id='word_1_304' title='bbox 461 3714 541 3774; x_wconf 85' lang='lat' dir='ltr'><em>unde</em></span> <span class='ocrx_word' id='word_1_305' title='bbox 561 3719 747 3793; x_wconf 78' lang='lat' dir='ltr'><em>intraverat,</em></span> <span class='ocrx_word' id='word_1_306' title='bbox 776 3728 892 3775; x_wconf 88' lang='lat' dir='ltr'><em>coacta.</em></span> <span class='ocrx_word' id='word_1_307' title='bbox 938 3718 977 3774; x_wconf 84' lang='lat' dir='ltr'><em>Et</em></span> <span class='ocrx_word' id='word_1_308' title='bbox 997 3737 1075 3794; x_wconf 89' lang='lat' dir='ltr'><em>quae</em></span> <span class='ocrx_word' id='word_1_309' title='bbox 1096 3724 1170 3771; x_wconf 85' lang='lat' dir='ltr'><em>tunc</em></span> <span class='ocrx_word' id='word_1_310' title='bbox 1190 3713 1280 3772; x_wconf 82' lang='lat' dir='ltr'><em>obae-</em></span> 
     </span>
     <span class='ocr_line' id='line_1_36' title="bbox 181 3796 1279 3882; baseline -0.001 -25"><span class='ocrx_word' id='word_1_311' title='bbox 181 3811 270 3858; x_wconf 85' lang='lat' dir='ltr'><em>nerat</em></span> <span class='ocrx_word' id='word_1_312' title='bbox 296 3804 464 3881; x_wconf 77' lang='lat' dir='ltr'><em>improvisa</em></span> <span class='ocrx_word' id='word_1_313' title='bbox 488 3813 582 3882; x_wconf 88' lang='lat' dir='ltr'><em>atque</em></span> <span class='ocrx_word' id='word_1_314' title='bbox 612 3813 701 3861; x_wconf 81' lang='lat' dir='ltr'><em>atrox</em></span> <span class='ocrx_word' id='word_1_315' title='bbox 727 3805 866 3879; x_wconf 81' lang='lat' dir='ltr'><em>invasio,</em></span> <span class='ocrx_word' id='word_1_316' title='bbox 892 3803 926 3860; x_wconf 89' lang='lat' dir='ltr'><em>in</em></span> <span class='ocrx_word' id='word_1_317' title='bbox 941 3801 1025 3859; x_wconf 79' lang='lat' dir='ltr'><em>leuno</em></span> <span class='ocrx_word' id='word_1_318' title='bbox 1045 3796 1169 3858; x_wconf 87' lang='lat' dir='ltr'><em>modurn</em></span> <span class='ocrx_word' id='word_1_319' title='bbox 1180 3799 1279 3879; x_wconf 83' lang='lat' dir='ltr'><em>finem</em></span> 
     </span>
     <span class='ocr_line' id='line_1_37' title="bbox 182 3888 934 3964; baseline -0.003 -21"><span class='ocrx_word' id='word_1_320' title='bbox 182 3888 271 3964; x_wconf 83' lang='lat' dir='ltr'><em>cepit.</em></span> <span class='ocrx_word' id='word_1_321' title='bbox 892 3961 894 3964; x_wconf 8' lang='grc' dir='ltr'>ἡ</span> <span class='ocrx_word' id='word_1_322' title='bbox 933 3895 934 3898; x_wconf 76' lang='grc'>’</span> 
     </span>
     <span class='ocr_line' id='line_1_38' title="bbox 267 3967 1279 4047; baseline 0.001 -20"><span class='ocrx_word' id='word_1_323' title='bbox 267 3969 310 4028; x_wconf 78' lang='lat' dir='ltr'><em>lte</em></span> <span class='ocrx_word' id='word_1_324' title='bbox 325 3971 438 4030; x_wconf 86' lang='lat' dir='ltr'><em>ciborio</em></span> <span class='ocrx_word' id='word_1_325' title='bbox 461 3969 524 4031; x_wconf 82' lang='lat' dir='ltr'><em>sive</em></span> <span class='ocrx_word' id='word_1_326' title='bbox 535 3971 710 4032; x_wconf 78' lang='lat' dir='ltr'><em>umbraculo</em></span> <span class='ocrx_word' id='word_1_327' title='bbox 724 3971 826 4032; x_wconf 79' lang='lat' dir='ltr'><em>ulteris</em></span> <span class='ocrx_word' id='word_1_328' title='bbox 840 3969 930 4030; x_wconf 81' lang='lat' dir='ltr'><em>ultius</em></span> <span class='ocrx_word' id='word_1_329' title='bbox 943 3968 1053 4030; x_wconf 82' lang='lat' dir='ltr'><em>educto</em></span> <span class='ocrx_word' id='word_1_330' title='bbox 1067 3967 1279 4047; x_wconf 79' lang='lat' dir='ltr'><em>columnisque</em></span> 
     </span>
     <span class='ocr_line' id='line_1_39' title="bbox 180 4053 1279 4137; baseline -0.003 -23"><span class='ocrx_word' id='word_1_331' title='bbox 180 4063 312 4134; x_wconf 74' lang='lat' dir='ltr'><em>quatuor</em></span> <span class='ocrx_word' id='word_1_332' title='bbox 330 4055 436 4116; x_wconf 83' lang='lat' dir='ltr'><em>innixo</em></span> <span class='ocrx_word' id='word_1_333' title='bbox 459 4057 574 4137; x_wconf 84' lang='lat' dir='ltr'><em>copiosi</em></span> <span class='ocrx_word' id='word_1_334' title='bbox 596 4067 666 4116; x_wconf 86' lang='lat' dir='ltr'><em>eunt</em></span> <span class='ocrx_word' id='word_1_335' title='bbox 683 4056 849 4136; x_wconf 80' lang='lat' dir='ltr'><em>Ducengius</em></span> <span class='ocrx_word' id='word_1_336' title='bbox 866 4056 998 4116; x_wconf 86' lang='lat' dir='ltr'><em>Glosser.</em></span> <span class='ocrx_word' id='word_1_337' title='bbox 1021 4055 1043 4114; x_wconf 93' lang='lat'><em>1.</em></span> <span class='ocrx_word' id='word_1_338' title='bbox 1059 4055 1132 4120; x_wconf 78' lang='lat'><strong>658.</strong></span> <span class='ocrx_word' id='word_1_339' title='bbox 1152 4053 1184 4112; x_wconf 85' lang='grc' dir='ltr'><em>Ι).</em></span> <span class='ocrx_word' id='word_1_340' title='bbox 1199 4054 1279 4112; x_wconf 75' lang='lat' dir='ltr'><em>Con-</em></span> 
     </span>
     <span class='ocr_line' id='line_1_40' title="bbox 69 4137 1276 4220; baseline -0.006 -16"><span class='ocrx_word' id='word_1_341' title='bbox 69 4149 99 4204; x_wconf 81' lang='lat' dir='ltr'><em>P.</em></span> <span class='ocrx_word' id='word_1_342' title='bbox 116 4149 170 4210; x_wconf 76' lang='lat'><em>263</em></span> <span class='ocrx_word' id='word_1_343' title='bbox 183 4139 349 4220; x_wconf 73' lang='lat' dir='ltr'><em>stantiuop.</em></span> <span class='ocrx_word' id='word_1_344' title='bbox 367 4139 475 4200; x_wconf 81' lang='lat' dir='ltr'><em>Christ.</em></span> <span class='ocrx_word' id='word_1_345' title='bbox 496 4144 546 4208; x_wconf 84' lang='lat'><em>60.</em></span> <span class='ocrx_word' id='word_1_346' title='bbox 564 4141 598 4202; x_wconf 76' lang='grc' dir='ltr'><em>Δ.</em></span> <span class='ocrx_word' id='word_1_347' title='bbox 614 4175 658 4188; x_wconf 92' lang='grc'>-</span> <span class='ocrx_word' id='word_1_348' title='bbox 673 4143 725 4209; x_wconf 83' lang='grc'><em>65.</em></span> <span class='ocrx_word' id='word_1_349' title='bbox 745 4142 780 4201; x_wconf 81' lang='grc' dir='ltr'><em>Δ.</em></span> <span class='ocrx_word' id='word_1_350' title='bbox 798 4140 943 4218; x_wconf 81' lang='lat' dir='ltr'><em>Descript.</em></span> <span class='ocrx_word' id='word_1_351' title='bbox 965 4143 994 4202; x_wconf 86' lang='lat' dir='ltr'><em>S.</em></span> <span class='ocrx_word' id='word_1_352' title='bbox 1010 4137 1138 4219; x_wconf 69' lang='lat' dir='ltr'><em>Sophiae</em></span> <span class='ocrx_word' id='word_1_353' title='bbox 1151 4141 1223 4204; x_wconf 84' lang='grc'><strong>573.</strong></span> <span class='ocrx_word' id='word_1_354' title='bbox 1241 4139 1276 4197; x_wconf 86' lang='lat' dir='ltr'><em>D.</em></span> 
     </span>
     <span class='ocr_line' id='line_1_41' title="bbox 180 4223 1278 4306; baseline -0.005 -20"><span class='ocrx_word' id='word_1_355' title='bbox 180 4235 213 4286; x_wconf 78' lang='lat' dir='ltr'><em>et</em></span> <span class='ocrx_word' id='word_1_356' title='bbox 224 4225 360 4286; x_wconf 81' lang='lat' dir='ltr'><em>Reiskiue</em></span> <span class='ocrx_word' id='word_1_357' title='bbox 375 4228 539 4287; x_wconf 80' lang='lat' dir='ltr'><em>Commeat.</em></span> <span class='ocrx_word' id='word_1_358' title='bbox 556 4228 594 4286; x_wconf 85' lang='lat' dir='ltr'><em>ed</em></span> <span class='ocrx_word' id='word_1_359' title='bbox 609 4227 710 4286; x_wconf 79' lang='lat' dir='ltr'><em>const.</em></span> <span class='ocrx_word' id='word_1_360' title='bbox 730 4225 875 4306; x_wconf 80' lang='lat' dir='ltr'><em>Porphyr.</em></span> <span class='ocrx_word' id='word_1_361' title='bbox 890 4224 1056 4284; x_wconf 71' lang='lat' dir='ltr'><em>Ceos-imon.</em></span> <span class='ocrx_word' id='word_1_362' title='bbox 1077 4225 1137 4284; x_wconf 79' lang='lat' dir='ltr'><em>sul.</em></span> <span class='ocrx_word' id='word_1_363' title='bbox 1152 4224 1222 4302; x_wconf 77' lang='lat' dir='ltr'><em>eye.</em></span> <span class='ocrx_word' id='word_1_364' title='bbox 1244 4223 1278 4282; x_wconf 87' lang='lat' dir='ltr'><em>ll.</em></span> 
     </span>
     <span class='ocr_line' id='line_1_42' title="bbox 180 4309 1279 4392; baseline -0.005 -21"><span class='ocrx_word' id='word_1_365' title='bbox 180 4311 231 4378; x_wconf 79' lang='grc'><em>64.</em></span> <span class='ocrx_word' id='word_1_366' title='bbox 252 4311 287 4371; x_wconf 84' lang='grc' dir='ltr'><em>Δ.</em></span> <span class='ocrx_word' id='word_1_367' title='bbox 311 4314 362 4378; x_wconf 87' lang='grc'><em>78.</em></span> <span class='ocrx_word' id='word_1_368' title='bbox 381 4312 415 4374; x_wconf 84' lang='grc' dir='ltr'><em>Β.</em></span> <span class='ocrx_word' id='word_1_369' title='bbox 458 4313 626 4392; x_wconf 72' lang='lat' dir='ltr'><em>retempto</em></span> <span class='ocrx_word' id='word_1_370' title='bbox 644 4311 830 4372; x_wconf 84' lang='lat' dir='ltr'><em>nobilissimo</em></span> <span class='ocrx_word' id='word_1_371' title='bbox 847 4309 1103 4370; x_wconf 72' lang='lat' dir='ltr'><em>Theeubonioenei</em></span> <span class='ocrx_word' id='word_1_372' title='bbox 1126 4309 1157 4368; x_wconf 86' lang='lat' dir='ltr'><em>S.</em></span> <span class='ocrx_word' id='word_1_373' title='bbox 1176 4309 1279 4366; x_wconf 80' lang='lat' dir='ltr'><em>Deme-</em></span> 
     </span>
     <span class='ocr_line' id='line_1_43' title="bbox 180 4393 1278 4476; baseline -0.003 -22"><span class='ocrx_word' id='word_1_374' title='bbox 180 4395 234 4454; x_wconf 80' lang='lat' dir='ltr'><em>trii</em></span> <span class='ocrx_word' id='word_1_375' title='bbox 247 4395 369 4476; x_wconf 82' lang='lat' dir='ltr'><em>collegit</em></span> <span class='ocrx_word' id='word_1_376' title='bbox 387 4398 454 4458; x_wconf 85' lang='lat' dir='ltr'><em>loce</em></span> <span class='ocrx_word' id='word_1_377' title='bbox 474 4397 553 4456; x_wconf 88' lang='lat' dir='ltr'><em>idem</em></span> <span class='ocrx_word' id='word_1_378' title='bbox 568 4398 737 4475; x_wconf 79' lang='lat' dir='ltr'><em>Ducengius</em></span> <span class='ocrx_word' id='word_1_379' title='bbox 762 4396 801 4456; x_wconf 85' lang='lat' dir='ltr'><em>ed</em></span> <span class='ocrx_word' id='word_1_380' title='bbox 818 4396 894 4456; x_wconf 75' lang='lat' dir='ltr'><em>lon.</em></span> <span class='ocrx_word' id='word_1_381' title='bbox 917 4397 1021 4455; x_wconf 83' lang='lat' dir='ltr'><em>Coma.</em></span> <span class='ocrx_word' id='word_1_382' title='bbox 1040 4395 1113 4462; x_wconf 78' lang='lat'><strong>252.</strong></span> <span class='ocrx_word' id='word_1_383' title='bbox 1137 4393 1170 4454; x_wconf 82' lang='lat' dir='ltr'><em>l).</em></span> <span class='ocrx_word' id='word_1_384' title='bbox 1192 4393 1278 4452; x_wconf 85' lang='lat' dir='ltr'><em>Tem·</em></span> 
     </span>
     <span class='ocr_line' id='line_1_44' title="bbox 88 4477 1278 4562; baseline -0.002 -23"><span class='ocrx_word' id='word_1_385' title='bbox 88 4510 91 4518; x_wconf 93' lang='lat'>·</span> <span class='ocrx_word' id='word_1_386' title='bbox 159 4499 240 4559; x_wconf 26' lang='lat' dir='ltr'><em>*pus</em></span> <span class='ocrx_word' id='word_1_387' title='bbox 259 4490 375 4560; x_wconf 84' lang='lat' dir='ltr'><em>eutem,</em></span> <span class='ocrx_word' id='word_1_388' title='bbox 398 4503 457 4562; x_wconf 89' lang='lat' dir='ltr'><em>quo</em></span> <span class='ocrx_word' id='word_1_389' title='bbox 479 4483 614 4542; x_wconf 85' lang='lat' dir='ltr'><em>Solevini</em></span> <span class='ocrx_word' id='word_1_390' title='bbox 633 4481 874 4544; x_wconf 76' lang='lat' dir='ltr'><em>Thessalonicam</em></span> <span class='ocrx_word' id='word_1_391' title='bbox 897 4480 941 4540; x_wconf 87' lang='lat' dir='ltr'><em>sic</em></span> <span class='ocrx_word' id='word_1_392' title='bbox 961 4487 1171 4552; x_wconf 73' lang='lat' dir='ltr'><em>tentaverunt,</em></span> <span class='ocrx_word' id='word_1_393' title='bbox 1198 4477 1278 4537; x_wconf 83' lang='lat' dir='ltr'><em>iuci-</em></span> 
     </span>
     <span class='ocr_line' id='line_1_45' title="bbox 181 4560 1280 4650; baseline -0.002 -28"><span class='ocrx_word' id='word_1_394' title='bbox 181 4564 252 4624; x_wconf 85' lang='lat' dir='ltr'><em>dere</em></span> <span class='ocrx_word' id='word_1_395' title='bbox 272 4565 394 4628; x_wconf 78' lang='lat' dir='ltr'><em>videtur</em></span> <span class='ocrx_word' id='word_1_396' title='bbox 410 4568 442 4626; x_wconf 90' lang='lat' dir='ltr'><em>in</em></span> <span class='ocrx_word' id='word_1_397' title='bbox 462 4589 488 4627; x_wconf 86' lang='lat' dir='ltr'><em>e.</em></span> <span class='ocrx_word' id='word_1_398' title='bbox 509 4569 588 4635; x_wconf 84' lang='lat'>584:</span> <span class='ocrx_word' id='word_1_399' title='bbox 608 4567 680 4628; x_wconf 80' lang='lat' dir='ltr'><em>vide</em></span> <span class='ocrx_word' id='word_1_400' title='bbox 701 4568 727 4630; x_wconf 87' lang='lat' dir='ltr'><em>l.</em></span> <span class='ocrx_word' id='word_1_401' title='bbox 750 4567 820 4650; x_wconf 72' lang='lat' dir='ltr'><em>Cla.</em></span> <span class='ocrx_word' id='word_1_402' title='bbox 840 4586 903 4625; x_wconf 85' lang='lat' dir='ltr'><em>von</em></span> <span class='ocrx_word' id='word_1_403' title='bbox 922 4566 1016 4643; x_wconf 85' lang='lat' dir='ltr'><em>Engsl</em></span> <span class='ocrx_word' id='word_1_404' title='bbox 1033 4563 1208 4624; x_wconf 78' lang='lat' dir='ltr'><em>Gesclsiclete</em></span> <span class='ocrx_word' id='word_1_405' title='bbox 1225 4560 1280 4620; x_wconf 87' lang='lat' dir='ltr'><em>des</em></span> 
     </span>
     <span class='ocr_line' id='line_1_46' title="bbox 187 4647 1280 4730; baseline 0 -22"><span class='ocrx_word' id='word_1_406' title='bbox 187 4649 375 4730; x_wconf 73' lang='lat' dir='ltr'><em>Uegrisoten</em></span> <span class='ocrx_word' id='word_1_407' title='bbox 392 4647 505 4712; x_wconf 79' lang='lat' dir='ltr'><em>Reiclts</em></span> <span class='ocrx_word' id='word_1_408' title='bbox 518 4653 585 4712; x_wconf 83' lang='lat' dir='ltr'><em>und</em></span> <span class='ocrx_word' id='word_1_409' title='bbox 602 4657 698 4713; x_wconf 83' lang='lat' dir='ltr'><em>seina·</em></span> <span class='ocrx_word' id='word_1_410' title='bbox 713 4649 921 4712; x_wconf 85' lang='lat' dir='ltr'><em>Nebenliinder</em></span> <span class='ocrx_word' id='word_1_411' title='bbox 940 4651 965 4712; x_wconf 90' lang='lat'><em>1.</em></span> <span class='ocrx_word' id='word_1_412' title='bbox 980 4651 1052 4718; x_wconf 77' lang='lat'><strong>259.</strong></span> <span class='ocrx_word' id='word_1_413' title='bbox 1067 4649 1102 4710; x_wconf 86' lang='lat' dir='ltr'><em>B.</em></span> <span class='ocrx_word' id='word_1_414' title='bbox 1118 4649 1280 4726; x_wconf 69' lang='lat' dir='ltr'><em>Paucaque</em></span> 
     </span>
     <span class='ocr_line' id='line_1_47' title="bbox 146 4733 1279 4822; baseline -0.004 -27"><span class='ocrx_word' id='word_1_415' title='bbox 146 4769 149 4776; x_wconf 80' lang='lat'><em>,</em></span> <span class='ocrx_word' id='word_1_416' title='bbox 180 4734 267 4796; x_wconf 80' lang='lat' dir='ltr'><em>souis</em></span> <span class='ocrx_word' id='word_1_417' title='bbox 285 4745 372 4817; x_wconf 84' lang='lat' dir='ltr'><em>post,</em></span> <span class='ocrx_word' id='word_1_418' title='bbox 401 4747 436 4812; x_wconf 74' lang='lat' dir='ltr'><em>ut</em></span> <span class='ocrx_word' id='word_1_419' title='bbox 453 4739 700 4822; x_wconf 73' lang='lat' dir='ltr'><em>proditscriplor</em></span> <span class='ocrx_word' id='word_1_420' title='bbox 715 4738 795 4800; x_wconf 84' lang='lat' dir='ltr'><em>uude</em></span> <span class='ocrx_word' id='word_1_421' title='bbox 810 4737 883 4799; x_wconf 81' lang='lat' dir='ltr'><em>hess</em></span> <span class='ocrx_word' id='word_1_422' title='bbox 898 4735 1079 4814; x_wconf 77' lang='lat' dir='ltr'><em>delibemus,</em></span> <span class='ocrx_word' id='word_1_423' title='bbox 1109 4733 1279 4796; x_wconf 74' lang='lat' dir='ltr'><em>Averorum</em></span> 
     </span>
    </p>
   </div>
   <div class='ocr_carea' id='block_1_4' title="bbox 0 0 1370 5272">
    <p class='ocr_par' dir='ltr' id='par_1_4' title="bbox 0 0 1370 5272">
     <span class='ocr_line' id='line_1_48' title="bbox 0 0 1370 5272; baseline 0 0"><span class='ocrx_word' id='word_1_424' title='bbox 0 0 1370 5272; x_wconf 95' lang='lat' dir='ltr'><em> </em></span> 
     </span>
    </p>
   </div>
  </div>
 </body>
</html>
