2714 5138
498 641 754 712 PRAEFATIO.
1082 657 1181 706 mss

52 795 102 876 pris
113 799 164 852 sut
173 791 285 856 nimia
301 797 463 888 Rompni
476 799 623 872 semota
639 800 786 881 religiono
799 799 918 862 silestio
931 803 1110 882 praeterire,
1130 816 1182 868 aut

52 918 96 982 pn
106 897 335 960 monitionem
352 904 524 984 explicare
541 905 688 982 voluerit,
709 923 765 964 nae
783 904 834 964 illa
848 903 923 964 mihi
937 904 1128 986 imprudens,
1150 919 1181 968 at

57 1001 129 1062 usim
145 1004 311 1062 sententia
335 1005 477 1068 minim
496 1007 636 1068 standum
656 1009 712 1084 sit,
733 1006 856 1068 videtur
870 1005 1060 1068 iudicandus.
1101 1011 1181 1072 Ver-

60 1106 129 1166 sioni
140 1105 254 1166 leonis
274 1104 323 1164 ad
344 1109 522 1186 marginem
537 1110 718 1172 exteriorem
733 1109 888 1170 lectiones
902 1111 1020 1170 Codicis
1037 1123 1109 1178 sunt
1126 1137 1183 1196 ap-

63 1207 177 1289 positae,
197 1208 307 1272 sicubi
325 1230 454 1289 vocem,
471 1233 488 1270 a
503 1213 634 1274 librariis
648 1213 805 1274 manifesto
820 1224 1004 1294 corruptam,
1018 1213 1051 1274 in
1066 1225 1188 1284 textum
1268 1261 1273 1280 ·.

67 1311 166 1392 recepi.
190 1311 258 1370 Ubi
272 1311 438 1374 dubitatio
454 1315 586 1393 suberat,
605 1317 763 1376 lectionem
778 1315 896 1374 Codicis
905 1315 939 1374 in
953 1325 1040 1378 textu
1055 1322 1184 1397 servavi,

72 1415 401 1492 coniecturammeam
419 1417 518 1478 adieci
532 1418 565 1478 in
583 1439 653 1496 ora,
675 1418 702 1478 si
719 1415 807 1478 valde
825 1417 1028 1498 probabilem,
1049 1421 1185 1500 praelixa

72 1517 166 1576 littera
189 1517 212 1577 l.
231 1516 299 1576 boo
313 1527 362 1576 est
375 1519 452 1598 Iege,
474 1519 522 1580 sin
539 1520 649 1598 minus,
669 1519 802 1602 praelixa
815 1521 847 1598 f.
858 1521 993 1595 sortasse
1009 1523 1090 1606 (nem
1099 1527 1186 1602 forts

77 1619 213 1698 siquando
229 1619 426 1700 impransum
447 1632 511 1698 stt,
531 1622 565 1684 id
587 1643 699 1702 aequus
720 1623 818 1684 lector
831 1623 1006 1686 oscitantiae
1023 1645 1184 1706 operarum

83 1721 221 1804 nanas).
246 1722 288 1782 ln
302 1743 422 1800 summa
435 1723 469 1782 id
485 1723 540 1802 egi,
553 1733 590 1786 ut
605 1725 644 1786 de
658 1725 877 1808 suspicionibus
890 1726 973 1804 meis,
988 1748 1078 1808 quam
1089 1741 1186 1808 quae-

84 1843 138 1904 que
157 1825 328 1905 probabilis
349 1824 391 1886 sit
412 1825 479 1886 siva
501 1847 596 1904 vans,
628 1849 720 1912 penes
743 1829 888 1892 lectorem
913 1829 1062 1892 iudicium
1088 1833 1185 1892 relin-

85 1935 234 2005 qm,
562 1943 568 1950 ·

162 2097 246 2160 XIII.
274 2101 435 2182 Superest,
458 2109 494 2160 ut
510 2099 547 2162 ds
561 2101 701 2162 instituto
715 2100 918 2162 adnotationis
935 2119 1037 2178 mese,
1056 2101 1185 2162 maxims

84 2199 119 2260 ad
133 2201 278 2279 leonem,
302 2203 330 2262 si
352 2204 406 2284 qui
420 2214 557 2282 vagatum
570 2225 618 2264 me
638 2205 672 2266 in
686 2204 724 2264 iis
741 2203 831 2266 latius
847 2213 935 2284 atque
951 2203 1107 2272 deflexisse
1120 2205 1201 2264 sae*

85 2325 244 2384 pauumero
268 2305 308 2365 de
328 2307 379 2366 via
400 2316 527 2388 putent,
549 2307 630 2388 apud
648 2306 865 2368 existimatores
886 2305 995 2366 barum
1013 2327 1114 2368 rerum
1134 2309 1186 2366 in-

85 2408 249 2484 telligentes
266 2417 296 2466 et
311 2428 423 2488 requos
442 2409 547 2490 paucis
563 2430 610 2468 me
623 2429 758 2490 purgem.
800 2409 919 2470 Etenim
933 2407 1071 2468 intellexi
1086 2409 1186 2489 tripli·
1201 2415 1234 2468 P.
1251 2415 1318 2468 xvlt

93 2509 167 2568 citer
180 2508 243 2568 lieri
256 2531 361 2590 posse,
382 2519 419 2569 ut
433 2511 556 2571 editoris
576 2512 609 2593 in
626 2531 718 2592 opere
733 2511 906 2591 exequendo
923 2508 1067 2569 sedulitas
1086 2511 1189 2570 fauto-

88 2633 155 2672 rum
166 2621 336 2673 nostrorum
348 2612 574 2673 benevolentiae
587 2613 775 2692 aliquatenus
792 2611 996 2692 responderet.
1037 2613 1105 2670 Uno
1124 2631 1188 2671 mo-

88 2715 140 2791 do,
161 2715 187 2773 si
199 2715 361 2796 scriptores
372 2715 468 2796 ipsos,
490 2715 592 2796 quales
606 2713 641 2776 in
657 2713 839 2775 membranis
858 2711 1063 2784 offendissem,
1084 2713 1188 2772 subla-

87 2819 124 2878 tis
148 2827 268 2878 tantum
286 2819 453 2878 manifestis
476 2817 609 2895 mendis,
632 2817 734 2878 addita
753 2817 860 2878 Latina
883 2814 1037 2890 versione,
1060 2814 1187 2876 arbitrio

88 2923 274 2982 eruditorum
295 2921 511 3004 permitterem.
561 2922 692 2999 Deinde,
723 2941 792 2982 cum
816 2919 946 3001 plmima
971 2927 1069 2978 essent
1091 2937 1188 2998 nuper

87 3025 118 3084 in
131 3025 322 3086 Bibliotheca
338 3025 447 3104 Regis,
469 3025 563 3084 multa
577 3025 730 3106 supersint
746 3023 785 3082 sd
798 3021 878 3082 banc
895 3020 992 3096 diem,
1013 3021 1113 3082 adres
1127 3021 1189 3100 ny·

88 3129 222 3189 santinas
243 3127 467 3208 quodammodo
487 3127 690 3209 pertinentia,
719 3145 816 3204 nequa
839 3123 918 3184 edita
941 3123 1059 3202 adhuc,
1091 3143 1188 3204 neque

88 3249 219 3312 unquam
242 3231 353 3313 opinor
370 3228 427 3313 J(ut
449 3251 531 3290 nuno
551 3239 623 3290 sunt
643 3220 792 3311 tempora)
817 3227 933 3306 integra
954 3221 1060 3287 lucem
1076 3226 1187 3304 visura,

88 3332 170 3394 Vitae
185 3335 386 3410 Sanctorum,
409 3333 551 3413 epistolae
565 3335 693 3394 fratrum
710 3333 899 3407 devotorum,
923 3329 1108 3402 antistitum,
1129 3349 1188 3410 pa·

88 3435 305 3514 nuruum,
326 3445 479 3496 metatus
487 3435 663 3515 dogmatici,
686 3432 826 3509 ascetici,
851 3431 992 3514 polemici
1004 3451 1111 3509 magno
1127 3451 1189 3492 nu-

89 3557 184 3616 mero,
207 3539 331 3598 annales
344 3558 463 3620 quoqne
479 3537 603 3614 inediti,
625 3521 816 3618 persalutare
831 3555 864 3594 ea
880 3533 1118 3613 studioseatque
1132 3553 1189 3596 ex-
1255 3551 1262 3566 ·

91 3659 208 3722 serpere
227 3641 314 3722 coepi
333 3639 478 3720 quicquid
495 3641 593 3700 lucem
613 3640 720 3702 afferre
741 3647 861 3721 poterat
877 3636 964 3696 annis
980 3636 1120 3713 sedecim,
1138 3635 1190 3716 qni

92 3754 220 3803 amorte
238 3743 428 3804 Constantini
442 3743 505 3804 v11.
526 3743 803 3826 Porphyrogenetae
823 3741 898 3823 (xv.
916 3741 1077 3801 Novembr.
1095 3735 1190 3819 9591)
1252 3805 1255 3814 λ

93 3845 127 3904 sd
144 3847 342 3926 Tsimisdem,
369 3867 402 3908 r.
431 3847 641 3946 lanuar.¹976.
662 3867 777 3908 veneno
801 3845 966 3920 sublatum,
995 3843 1189 3918 effluxerunt,

94 3967 279 4029 quorumque
298 3949 472 4010 memoriam
493 3951 553 4010 Leo
569 3951 744 4032 complexus
764 3958 817 4010 est.
859 3946 919 4006 Ubi
940 3967 1007 4006 cum
1028 3943 1191 4028 praecipue

92 4051 156 4110 usui
169 4051 246 4110 mihi
260 4053 374 4113 suerint
387 4051 529 4114 historiae
542 4053 633 4126 duae,
656 4054 747 4113 alters
762 4049 907 4110 Simeonis
921 4049 1100 4126 Logotbetae
1114 4046 1189 4129 (vid.

91 4151 205 4216 Harles.
221 4155 301 4214 Bibl.
319 4155 372 4216 Gr.
386 4153 452 4216 Vll.
470 4155 542 4222 686.
563 4153 613 4237 l),
636 4157 729 4215 altera
747 4153 817 4214 Iulii
838 4152 970 4214 Pollucis
995 4150 1044 4233 (de
1061 4171 1118 4230 que
1133 4150 1191 4208 iu-

92 4255 134 4314 irs
155 4262 224 4324 179.
241 4253 308 4336 ll),
336 4255 389 4316 bic
409 4257 506 4316 iacere
526 4277 590 4316 non
610 4277 749 4338 possum,
778 4255 850 4336 quin
869 4254 1045 4314 Italicorum
1066 4271 1188 4333 quoque

92 4357 275 4418 eruditorum
295 4357 329 4416 in
346 4375 395 4416 me
411 4357 560 4434 animum,
584 4377 674 4436 quam
698 4356 842 4436 singulari
865 4355 966 4416 officio
983 4356 1095 4427 fuerit,
1119 4373 1189 4432 gra-

92 4467 140 4518 tus
153 4479 394 4522 commemorem.
428 4461 502 4520 Nam
517 4461 675 4542 repentino
691 4463 762 4520 anni
777 4459 868 4526 1815.
882 4469 1025 4540 tempore,
1049 4478 1117 4516 cum
1131 4466 1190 4516 sta.

93 4571 174 4642 tuae,
194 4565 335 4642 abillae,
366 4562 482 4644 reliqua
500 4565 658 4627 civitatum
677 4573 851 4626 ornamenta
870 4563 998 4626 Parisios
1020 4561 1092 4622 olim
1114 4579 1189 4620 con·
