2714 5138
392 653 395 662 .
477 701 737 772 PRAEFATIO.
976 775 980 784 ‚
1112 719 1173 768 nx

41 879 84 922 ms
93 855 184 918 modo
198 861 431 944 praesu-ingl
446 863 526 925 scies
539 862 649 924 mentis
660 862 738 924 solet
750 861 876 924 maculis
889 863 979 926 cultis
992 873 1023 927 st
1035 865 1172 947 mnditia,

41 963 135 1024 ndum
158 963 293 1043 asperis
328 975 370 1026 et
400 965 610 1030 tenebricosis
652 966 796 1046 Accedit,
825 975 859 1029 ut
878 967 985 1028 Leonis
1004 979 1083 1032 setas
1108 972 1173 1032 elo·

44 1065 186 1148 quantiam
203 1079 363 1146 poneret
386 1069 424 1130 in
446 1069 573 1148 florida,
594 1077 631 1130 nt
645 1069 689 1129 its
710 1069 828 1147 dicam,
847 1069 997 1132 oratione:
1019 1093 1087 1132 cnm
1106 1093 1171 1132 ms·

47 1189 125 1249 psam
142 1189 175 1229 se
188 1169 337 1251 quisque
355 1173 395 1232 in
412 1167 542 1232 dicendo
565 1171 685 1234 laudem
702 1171 843 1252 adeptum
861 1180 995 1252 putaret,
1016 1173 1057 1250 si,
1078 1175 1173 1236 molta

50 1272 204 1332 neruum
227 1275 432 1355 complexus
452 1283 643 1352 momenta,
664 1273 801 1356 poeticae
819 1273 960 1334 dictionis
976 1276 1173 1338 aemulatione

52 1373 260 1455 grandioribus
276 1377 414 1450 verbis,
436 1387 467 1438 st
479 1378 572 1454 duris,
593 1397 632 1438 ue
646 1377 756 1458 ineptis
772 1375 877 1450 dicam,
898 1377 1080 1460 metaphoris
1096 1383 1172 1468 esset

54 1497 132 1542 m.
177 1477 283 1558 Atque
297 1477 392 1539 hand
406 1480 469 1539 scio
493 1501 595 1540 annon
608 1480 767 1560 quicquam
781 1480 873 1558 magis
887 1479 1031 1552 historiae
1047 1481 1170 1561 officiat,

58 1601 144 1661 quam
165 1581 294 1641 locatus
324 1581 473 1643 eiusmodi
500 1582 563 1642 sine
582 1561 726 1661 dignitate
749 1582 850 1643 color:
876 1584 994 1663 qnando
1015 1583 1058 1644 ita
1077 1585 1170 1645 nimio
1212 1599 1213 1602 ’
1234 1573 1235 1580 ¹

61 1685 308 1776 nlmistrornsn
326 1705 387 1744 usu
400 1683 515 1744 incedit
527 1685 641 1762 oratio,
661 1695 697 1744 ut
710 1693 740 1744 et
753 1685 883 1746 sermoni
896 1685 980 1766 lepos
994 1683 1092 1746 onmis
1105 1685 1172 1746 sdi-

62 1793 179 1862 meur,
197 1795 229 1846 et
250 1805 362 1847 rerum
386 1786 568 1868 expositioni
582 1787 664 1850 fides,
702 1786 742 1846 'ld
759 1785 958 1864 vitiantes,
978 1789 1171 1850 tametsimn
1276 1823 1278 1828 ·
1308 1781 1313 1790 ⁸

65 1887 138 1948 adso
158 1888 297 1948 inssniat
318 1909 409 1968 quam
429 1888 673 1970 l'lseopbylaetus
695 1889 856 1956 simocatta
875 1897 928 1948 sut
949 1873 1066 1950 Nicetes
1086 1890 1170 1951 eho-

65 2000 158 2050 -tes
180 1991 238 2070 (in
259 1991 449 2052 orationibus
469 1991 646 2074 praecipue,
670 1991 723 2050 ubi
739 1991 912 2070 cumprimis
926 1988 1052 2072 cupiunt
1067 1993 1171 2054 diserti

66 2093 199 2173 sideri),
221 2093 356 2172 effugere
369 2103 470 2154 tamen
484 2095 566 2154 omni
579 2115 617 2154 ex
630 2103 715 2174 psrte
728 2113 790 2152 non
804 2093 912 2174 potuit,
934 2095 1088 2175 felicisque
1104 2097 1170 2157 lor-

67 2204 149 2254 tssse
175 2195 292 2274 ingenii
314 2215 435 2256 cursum
458 2197 607 2278 oppressit
626 2197 703 2257 illud
717 2181 861 2274 tanquam
879 2191 1015 2277 'adipatae
1028 2197 1170 2277 diationis

67 2299 211 2360 studium
257 2299 391 2378 Cumque
403 2319 420 2357 a
434 2299 514 2358 Divo*
531 2299 621 2375 Iulio,
645 2299 742 2380 primo
758 2299 800 2357 lle
814 2297 968 2376 analogia,
991 2299 1106 2362 dictum
1120 2303 1169 2380 sit,

67 2411 213 2481 tanquan
235 2401 396 2481 scopulum
408 2399 452 2460 sic
469 2402 645 2482 fugiendum
660 2401 829 2462 inauditum
845 2411 934 2482 atque
947 2402 1078 2464 insolens
1097 2425 1171 2466 ver-

67 2503 147 2564 bum
164 2523 242 2578 esse,
261 2505 318 2562 Leo
333 2512 440 2564 contra
458 2503 542 2582 quasi
559 2501 702 2584 quasdam
717 2513 819 2562 cantes
835 2503 1011 2564 reformidet
1025 2505 1172 2564 voeabula
1231 2547 1232 2554 .

69 2605 185 2666 idonea
201 2615 230 2663 et
243 2605 356 2670 usitata.
400 2605 511 2666 Vocem
524 2599 657 2685 ύύελφύς
674 2625 743 2664 raro
759 2615 900 2684 usurpate
923 2599 1172 2668 creberrime'ao’-

67 2703 237 2786 sddstooc,
258 2704 412 2788 ὁμαίμων,
433 2703 589 2791 σύναιμος.
634 2705 739 2782 ilites,
761 2703 873 2768 τελέθοι
894 2703 949 2787 (ut
970 2713 1050 2764 oer'se
1063 2703 1172 2786 scripsi

58 2815 121 2884 ³⁰·
137 2811 195 2886 0.),
211 2807 310 2887 τελέω,
325 2804 463 2891 dusino,
478 2809 608 2891 πέφηνα,
618 2807 681 2896 (60.
697 2810 731 2869 D.
746 2811 796 2874 93.
811 2803 869 2891 Α),
884 2803 1015 2886 πέφυκα,
1031 2809 1176 2889 mpori?

70 2916 120 2989 (ss,
139 2913 191 2974 sel
204 2911 334 2992 quidvis,
346 2913 451 2992 potins
467 2913 589 2974 adhibet
601 2911 784 2992 quamslpl·
806 2903 1006 2991 ύιιουιύζομαι,
1020 2909 1172 2991 desemine,

12 3027 15 3033 ’
69 3015 240 3088 maumites,
254 3013 390 3093 ἒνωτίζω,
398 3015 498 3096 potius
513 3035 602 3096 quam
616 3006 727 3078 ύιιούω.
748 3012 859 3072 Passim
870 3033 988 3092 quoque
1001 3013 1100 3073 verbis
1115 3033 1170 3073 ve-

67 3118 159 3178 tustis
171 3137 199 3176 -ο
213 3116 372 3198 politisque
393 3118 487 3178 erutis
500 3117 666 3178 orationem
681 3123 824 3196 tanquam
837 3115 930 3186 stellis
945 3109 1068 3200 (nisibi
1081 3114 1170 3175 vide-

66 3219 138 3302 tar)
162 3229 263 3282 ornat.
290 3217 453 3302 ‘lbsuyalc
471 3227 523 3288 22.
543 3222 578 3284 A.
600 3217 730 3300 arripuit
755 3237 793 3278 ex
813 3217 945 3298 Odyssea
964 3217 997 3280 Ε.
1020 3217 1091 3284 404.
1115 3215 1171 3275 ubi

66 3345 151 3385 nuuc
169 3325 296 3403 legimus
317 3321 451 3405 ἐπιωγαί.
481 3321 585 3400 Νέον,
606 3319 738 3398 vadens,
760 3327 810 3388 27.
823 3320 856 3383 B.
873 3318 1094 3398 agrammatico
1111 3315 1171 3378 sli-

67 3447 137 3506 ιῙιιο,
154 3427 266 3507 opinor
279 3419 356 3506 (vid
371 3424 663 3506 perspicacissimum
673 3424 801 3483 Graecae
816 3419 1008 3502 proprietatis
1024 3419 1170 3479 arbitrum

69 3529 150 3594 frid.
175 3530 252 3607 sug.
273 3531 368 3591 Wolf.
388 3531 554 3610 Prolegom.
568 3527 620 3588 lv.
642 3523 726 3608 18.)=
749 3523 808 3583 nisi
822 3523 864 3582 ibi
878 3523 961 3582 dicas
974 3518 1053 3585 νειύν
1065 3521 1169 3600 legen7

69 3631 161 3710 dum,
183 3633 306 3712 eiusque
326 3635 453 3712 glossam
472 3651 536 3692 esse
548 3628 724 3708 ἐκκλησίαν,
746 3625 892 3686 excidisse
907 3635 1005 3685 autem
1019 3616 1169 3704 ύφικύμε-

69 3759 137 3810 νος,
157 3735 209 3796 vel
230 3737 292 3795 tale
314 3737 437 3816 aliquid.
470 3731 587 3814 ’Όχθος
599 3735 650 3798 82.
668 3731 698 3789 G.
714 3727 930 3808 significatione
943 3729 1043 3808 rapae,
1064 3747 1167 3788 rarum

70 3849 131 3914 est,
151 3839 202 3898 rel
215 3838 297 3920 apud
308 3845 422 3920 pobtss.
464 3837 595 3900 Verbum
613 3833 781 3895 obsoletum
801 3829 955 3912 saponiaco,
976 3829 1057 3889 unde
1070 3823 1180 3910 προσ-λ

69 3946 181 4019 ειπεῖν,
201 3941 294 4001 babet
315 3947 366 4010 99.
380 3942 414 4004 Β.
458 3941 517 4001 Sed
533 3939 603 4000 nolo
618 3936 731 3996 multus
744 3931 842 3994 videri
860 3932 894 3992 in
911 3951 960 4010 re,
982 3951 1072 4013 quam
1088 3931 1168 3992 inter

67 4043 227 4124 legendnm
248 4043 456 4124 unusquisqne
474 4042 562 4103 facile
582 4057 637 4120 pes·
649 4057 679 4098 se
695 4035 819 4097 notabit.

152 4147 220 4208 Vll.
242 4147 337 4207 Aliud
356 4144 465 4206 Leonis
484 4143 594 4205 vitium
611 4150 655 4200 est
674 4155 911 4219 synonymorum
930 4155 1008 4196 vans
1023 4155 1167 4197 accumu-

68 4250 154 4314 latio.
196 4250 300 4310 Sicubi
321 4239 561 4331 σοβαρευύμενος
579 4241 703 4324 scripsit
721 4239 790 4324 (18.
808 4235 879 4320 A.),
901 4255 1056 4320 noparnm
1072 4238 1168 4297 multa

68 4354 161 4414 verbs
175 4353 266 4414 scisse
276 4351 428 4427 videatur,
449 4347 592 4408 continno
608 4356 638 4406 et
652 4337 855 4428 γαυρούμενος
868 4339 1028 4423 subiungit,
1044 4348 1073 4399 et
1085 4338 1168 4402 lons·

67 4451 195 4540 ρύμενύς
209 4453 304 4520 sesni
317 4445 553 4558 flpeidodpsvoc.
594 4450 644 4508 Sic
658 4444 783 4525 singulis
798 4463 892 4525 paene
905 4439 1031 4524 paginis.
1080 4439 1169 4500 Eius-

68 4559 151 4619 modi
168 4557 341 4639 tsutologiis
365 4553 510 4614 ossmulati
524 4561 595 4632 sunt
611 4547 771 4632 byzantini
785 4565 887 4607 omnes
904 4543 994 4605 medii
1008 4541 1093 4624 sevis
1112 4561 1169 4606 nec
1218 4561 1224 4572 “

67 4661 127 4722 nisi
140 4673 274 4744 ternpore
287 4655 538 4736 Pslaoologorum
552 4653 589 4716 ab
613 4649 778 4714 acrioribus
800 4638 926 4729 ingeniis
941 4643 1092 4706 Demetrio
1108 4645 1169 4726 ey-
