2730 5272
336 739 385 852 in
405 765 559 850 mons
580 777 761 868 oncon
780 777 856 851 no.
876 778 916 848 x„
1086 771 1166 854 too

76 933 156 996 sicae
171 935 203 994 in
219 934 363 1012 tenebris,
384 945 420 994 at
434 935 478 994 its
492 933 606 1013 dicam,
626 933 740 996 iacente
761 934 798 994 ab
820 955 847 1002 a.
864 937 941 1010 950,
973 931 1053 998 circi
1072 937 1163 1019 quem

77 1019 290 1080 constantinus
296 1019 575 1100 Porphyrogenneta
590 1021 717 1101 scripsit,
725 1039 818 1100 usque
832 1022 871 1081 ed
884 1022 1013 1081 colonien
1023 1024 1164 1085 Genuen-

75 1106 152 1164 sium
168 1107 200 1164 in
215 1105 270 1166 hos
282 1117 395 1166 tractus
411 1125 487 1166 saec.
499 1125 568 1166 κιο.
581 1105 730 1170 deductu.
771 1108 928 1184 Speremus
945 1117 1033 1182 certe,
1054 1127 1164 1169 ιιοοι-

76 1191 116 1250 sis
131 1211 186 1270 per
200 1191 273 1250 alias
290 1189 483 1249 bibliothecas
496 1190 591 1250 codd.
608 1191 728 1250 Graecis
744 1190 834 1250 medii
851 1191 930 1267 sevi,
943 1191 1041 1250 lucem
1053 1212 1164 1254 novam

74 1272 147 1334 intio
161 1295 281 1354 quoque
294 1273 437 1334 histon'se
448 1274 527 1352 parti
539 1275 671 1336 oblatum
683 1275 735 1335 iris
755 1275 847 1356 idque
858 1284 893 1336 ut
905 1275 1087 1336 confidamus
1099 1277 1163 1338 lore

75 1361 191 1419 iaciunt
207 1359 253 1418 ΙΙΙ.
274 1359 397 1418 Comitis
413 1359 538 1418 Nicolai
550 1357 586 1418 de
598 1358 1023 1442 Romanaoffmagnifioentia,
1038 1357 1164 1422 'tibera-

74 1443 171 1523 lieque
188 1463 224 1502 ae
238 1463 396 1522 generosus
412 1443 545 1520 animus,
567 1465 627 1524 quo
643 1445 783 1506 incitatus
802 1465 871 1506 cum
885 1446 1013 1524 reliquas
1029 1443 1163 1526 discipli-

74 1549 128 1588 nas
141 1549 242 1588 omnes
254 1531 351 1607 fovet,
372 1539 436 1590 tum
451 1529 578 1589 maxime
591 1529 746 1591 historiam
761 1529 876 1612 patriae
888 1529 1066 1613 locupletari
1077 1531 1163 1612 cupit

74 1623 105 1674 et
119 1613 228 1674 ornati.

60 1765 61 1770 ,
144 1701 237 1798 Pag
261 1700 331 1764 175.
353 1697 408 1760 litt
430 1702 480 1766 16
501 1691 610 1762 stod'
570 1694 664 1780 ουτην
676 1723 734 1780 την
750 1699 822 1780 ples
834 1693 986 1780 ἔπιιολην]
1007 1691 1192 1780 Lagem’c

74 1775 186 1858 edatis·
211 1803 279 1842 nam
300 1803 338 1840 ex
356 1783 625 1862 praepositionibus
644 1786 728 1844 nulls
752 1787 814 1844 sere
830 1794 890 1846 tam
908 1786 983 1844 male
1001 1806 1018 1844 a
1034 1785 1164 1846 librariis

75 1877 122 1928 est
140 1866 240 1926 habita
262 1887 351 1946 quem
372 1864 464 1940 notul,
487 1867 635 1948 modoque
655 1869 817 1946 obsigli
793 1870 1111 1972 stvsmonoeondylii,
1129 1879 1166 1930 ut

73 1962 185 2012 vocant
207 1952 330 2028 Graeci,
366 1953 589 2013 similitudinem
620 1973 689 2012 cum
715 1953 838 2016 vocibus
865 1953 933 2030 τοι),
954 1951 1049 2030 ιντο),
1072 1949 1164 2030 nitas,

74 2033 147 2117 persi
170 2039 310 2113 confusa,
331 2038 420 2096 modo
444 2057 512 2098 οιιοι
535 2039 682 2100 vocabulo
698 2039 833 2118 proxime
851 2040 983 2117 sequenti
1004 2057 1165 2118 eosgmen·

74 2130 150 2194 tata,
173 2140 260 2181 secus
278 2133 367 2200 etque
380 2131 540 2202 oporteret.
575 2121 810 2199 veneniferam
826 2123 923 2228 primp
938 2126 1073 2204 exempla
1089 2145 1166 2183 oon-

75 2207 157 2266 fusae
175 2206 226 2268 ια)
240 2216 270 2266 et
283 2202 379 2282 καιοὶ)
398 2209 483 2266 Actis
498 2209 587 2268 Cone.
603 2208 683 2271 Flor.
698 2209 751 2268 lX
770 2209 886 2274 1823.
900 2201 1014 2288 ipellat
1027 2215 1166 2272 νοεῖσθαι

73 2286 175 2354 ιο)
147 2315 197 2353 τον
216 2295 292 2353 νοῦν
312 2291 442 2366 ἐκεῖνον,
465 2302 546 2352 certo
566 2293 692 2365 certius,
714 2292 772 2370 legi
793 2293 901 2354 debere
925 2290 1001 2356 tosti
1018 2289 1069 2356 τὸν
1089 2297 1167 2356 νοῦν

72 2375 198 2440 ἐκεῖνον.
230 2375 302 2434 Item
317 2376 520 2518 supplemensst.
535 2335 787 2436 CommsnlariiS.
803 2377 979 2437 Athanasii'
970 2399 1003 2437 in
1019 2379 1167 2452 Psalmm,

73 2459 338 2520 adtentesaleonio
352 2458 507 2533 editis,ll
509 2463 581 2525 .80.
598 2460 629 2517 C.
646 2483 688 2538 μη
702 2455 1015 2564 ιιοιιᾶνόμονζοόντνς,
1029 2421 1167 2524 indual

71 2543 200 2624 limans
213 2567 263 2606 ιοι
253 2539 507 2645 βαρβαριιήν’
482 2539 628 2622 oniense,
648 2541 720 2619 tege,
736 2537 810 2604 illd
825 2539 909 2606 κατά.
933 2547 1051 2605 Porro'
1043 2567 1073 2604 tn
1085 2547 1167 2604 Actis

73 2631 105 2691 8.
126 2630 218 2688 Bonis
216 2628 274 2686 tell
265 2629 358 2694 284.
373 2629 406 2686 Β.
423 2623 500 2708 αὕτη
515 2625 547 2690 δὲ
559 2630 658 2734 τρίτον
670 2621 810 2690 Kovdtde
821 2627 946 2708 ἔπραξεν
961 2629 994 2692 ἐν
1011 2652 1046 2712 tp
1036 2624 1135 2706 Ῥῶμ

72 2707 336 2791 tollerandum·
360 2713 493 2786 emenda,
515 2705 950 2792 authentiametvene,
966 2653 1169 2773 tarcondnin,

73 2809 177 2879 egerat
197 2799 314 2858 Itomae
332 2819 366 2855 ex
380 2809 544 2876 praetura,
566 2817 628 2856 non
647 2783 902 2876 expraefectum,
922 2807 957 2858 ut
976 2795 1067 2856 hebet
1081 2807 1169 2856 vetus

72 2885 173 2946 versio
189 2883 302 2942 Latine.
325 2883 468 2942 Filiorum
484 2883 579 2960 enim,
600 2882 652 2960 qui
668 2883 821 2942 Ptaetores
835 2891 935 2954 erant,
954 2882 1075 2942 nomine
1089 2902 1170 2960 opu·

72 2968 139 3030 iens
157 2968 208 3028 illa
227 2967 342 3046 Aglaie,
365 2969 401 3026 de
425 2989 485 3046 qus
506 2967 564 3044 ibi,
591 2968 679 3026 ludos
699 2966 849 3042 ediderat,
878 2968 928 3046 qui
947 2988 965 3024 a
981 2967 1169 3047 praetoribus

64 3055 124 3116 ¹val
148 3053 352 3133 quaestoribus
373 3052 559 3129 candidatis,
582 3061 684 3111 sumtu
701 3052 840 3132 ipsoram,
859 3052 935 3126 acti,
962 3051 1034 3110 inde
1055 3051 1197 3118 (tandi-o

75 3139 115 3198 da
135 3138 325 3197 vocabantur.
368 3138 459 3197 Moris
483 3147 580 3198 autem
597 3136 696 3213 fuisse,
712 3148 746 3196 ut
759 3145 867 3196 matres
881 3137 953 3198 filiis
965 3146 1079 3196 sumtus
1093 3155 1169 3214 sup·

75 3223 245 3302 peditareut
282 3223 319 3282 ad
346 3222 492 3284 eiusmodi
520 3242 678 3282 munerum
710 3221 887 3300 editionem,
921 3223 1012 3282 Bana.
1034 3221 1168 3280 Valesius

75 3307 289 3374 detnomtravit
304 3307 505 3387 Pmlegomen.
525 3309 564 3368 ad
585 3307 699 3367 Possini
720 3308 788 3366 edit
811 3307 960 3368 Passionis
984 3309 1034 3366 SS.
1057 3308 1168 3386 Perpe-

74 3403 147 3464 tuae
164 3403 194 3452 et
220 3393 383 3452 Felicitatis
405 3400 456 3460 10.
475 3394 511 3457 Δ.
566 3395 677 3454 Contra
706 3391 787 3497 opud
809 3393 937 3453 Manual
968 3393 1102 3452 Calecam
1126 3391 1169 3449 De

74 3478 200 3558 essentia
220 3487 250 3536 et
275 3478 447 3556 operatione
469 3479 506 3538 ΙΙ.
530 3483 582 3545 21.
604 3479 638 3541 Ι).
666 3474 738 3550 τούς
758 3471 836 3559 παρ’
861 3472 963 3550 αὐτοῖς
983 3473 1168 3556 ιιινθνρμέ-
1189 3490 1192 3496 “

74 3587 148 3636 νονς
175 3558 250 3624 ιντο)
276 3566 337 3624 miv
361 3557 506 3624 τοιούτων
531 3563 687 3642 Ινερνειοῖν
708 3555 927 3642 detentionem
950 3555 1104 3632 οἰτΙοιονς
1117 3557 1169 3620 να)

76 3645 200 3710 ἔκτιστο
219 3640 448 3709 νἰιοιελεῖσθοι·
478 3646 602 3706 dubium
625 3655 750 3704 nonest
770 3648 844 3724 quin
863 3647 1020 3723 legendum
1042 3645 1096 3718 sit,
1118 3642 1171 3705 κα)

74 3729 112 3796 τὰ
134 3737 194 3794 τῶν
217 3727 379 3794 τοιούτων·
412 3739 442 3790 et
464 3731 497 3789 in
520 3729 738 3807 Prolegomenia
759 3729 965 3836 Hexsplorum
988 3727 1059 3804 Orig
1044 3747 1122 3786 enas
1143 3726 1167 3788 Ι

78 3822 152 3883 101.
169 3813 393 3896 (1.μαθοΙντῆν
406 3809 506 3878 eiecit
518 3810 682 3889 διάλεκτον,
704 3809 778 3875 ιντο)
793 3820 920 3892 στοιχεῖα
931 3813 1156 3920 ἓρμηνείνννν
1103 3811 1170 3874 ἕνν-

74 3907 119 3986 epi
133 3898 338 3981 ἡρμήνευσεν,
362 3903 426 3981 lege
439 3912 469 3960 et
482 3900 640 3997 distingue,
661 3893 718 3977 τὴν
731 3891 797 3960 eis.
812 3895 964 3962 διάλεκτον
978 3893 1078 3959 ιν)
1042 3921 1078 3959 το
1092 3915 1170 3960 στοι-

74 3993 159 4067 χεῖα,
182 3986 385 4066 ἕρμηνείανι.
401 4011 426 4049 τ.
447 3992 473 4048 Ι.
495 3995 528 4045 ut
548 3985 587 4044 sit
608 4003 727 4058 sensus,
748 4003 810 4042 non
834 3993 869 4043 ut
888 3983 1055 4044 redditur'
1046 4003 1078 4040 tn
1096 3981 1169 4040 edit.

73 4071 253 4134 Montefoloa
270 4068 601 4152 eornm[llebrseorum]
617 4027 758 4168 linguam
772 4067 910 4144 edoctam,
932 4065 1098 4126 secundnm
1113 4067 1170 4122 ele·
1254 4127 1257 4134 ,

28 4209 31 4218 ,
75 4167 192 4230 menta,
215 4153 251 4214 id
267 4166 309 4212 est
327 4156 535 4232 adlaturam,
557 4156 831 4234 interpretationem
848 4152 960 4228 edidit,
984 4151 1037 4212 sed
1056 4151 1170 4230 potius,

75 4261 179 4298 eorum
199 4240 339 4318 lingnam
354 4251 382 4298 et
400 4245 520 4301 litteras
541 4239 663 4298 edoctus
672 4241 975 4319 ,interpretationem
990 4235 1051 4294 sibi
1063 4235 1170 4315 effecit,

75 4333 107 4384 et
129 4344 204 4403 quae
227 4335 407 4402 sequunturs
432 4337 474 4386 ast
495 4327 573 4388 enim
593 4324 707 4404 phrasis
730 4335 827 4386 suinta
849 4345 865 4384 e
889 4325 919 4387 S
935 4319 1103 4402 Epiphanto
1128 4321 1170 4377 lle
1200 4351 1202 4356 ·

74 4429 150 4469 m.
171 4409 341 4489 interprett.
360 4411 383 4471 Ι.
405 4415 454 4478 89.
473 4413 505 4472 Ι).
549 4410 636 4468 Unde
658 4410 794 4468 similiter
816 4408 1024 4514 porrigendum
1040 4403 1171 4464 Chioni-

76 4515 132 4554 oon
152 4493 373 4562 Pascha10955.
387 4497 419 4558 B.
439 4496 509 4556 his·
500 4496 573 4575 ipsis
588 4494 696 4564 verbis,
711 4517 767 4571 την
786 4489 887 4556 niveis
902 4488 1072 4566 διάλεκτον,
1093 4482 1170 4552 ιντο)

75 4584 220 4658 στοιχεῖα·
242 4579 322 4658 lege,
342 4580 441 4642 καιτοι
455 4599 497 4644 οι
520 4572 1170 4684 ApudTheophanemporroChronograph

76 4667 146 4730 144
172 4665 206 4727 Ι).
254 4659 356 4773 Tpid’
376 4660 459 4750 adipi
484 4664 540 4727 ἔτει
562 4663 614 4727 κα)
635 4661 672 4726 sd
696 4659 774 4726 nond
797 4658 850 4725 viv
870 4657 957 4742 ἅγιον
977 4654 1170 4766 Ἀρὲθον-
1185 4673 1283 4747 P.260

76 4743 256 4833 lnpixdn‘
234 4747 297 4814 ond
317 4753 379 4814 tois
396 4728 581 4834 ‘Opnpnoim
600 4747 795 4810 scribendum
809 4747 947 4825 videtur,
967 4741 1005 4810 mi
1021 4739 1097 4810 ιντο)
1116 4738 1170 4804 τόν

1221 5097 1352 5242 Α
