2714 5138
121 239 128 262 ’
189 297 278 368 xm
614 302 846 406 censui
969 261 978 288 ⁸

64 441 69 452 ¹
185 477 249 542 tem
274 465 308 530 vi
332 466 447 528 furiose
469 459 567 546 plebis
584 460 757 544 perturbari
778 459 1109 544 bsudquoqusmposse
1123 461 1287 527 admiratus

190 578 247 636 est.
287 567 370 630 Haeo
385 586 417 628 se
433 563 655 626 adolescentulo
674 563 818 624 occidisse
831 563 934 624 scribit
947 564 999 632 40.
1014 564 1048 626 Β.
1082 565 1129 626 lto
1141 565 1168 626 si
1181 568 1288 628 stetui·

189 691 271 747 mus,
292 690 319 730 ι.
335 673 407 736 966.
423 685 492 766 eum
506 665 599 744 egisse
611 685 723 742 annum
740 663 860 728 circiter
878 676 997 726 sextum
1009 677 1040 727 et
1054 665 1217 744 decimum,
1238 688 1286 728 se-

188 772 300 856 quitur,
322 779 426 830 nstmn
443 787 505 828 esse
519 765 573 827 sub
588 787 613 826 o.
626 767 698 834 950.
713 766 799 827 Circo
814 788 840 826 o.
856 771 935 836 978.Ι
944 789 1003 848 quo
1016 767 1126 828 suino
1140 779 1286 830 moneto-

187 882 254 934 roto
275 871 423 932 Antonius
444 867 616 930 Pstriorclrr
637 878 755 930 orestus
773 863 884 946 est‚³in
905 870 974 932 doio
988 871 1063 930 suits
1083 869 1125 928 ibi
1139 880 1220 932 certe
1233 891 1286 950 ge-

188 973 298 1036 mellos
315 984 539 1049 monstruosos,
560 971 679 1052 imperii
702 971 873 1052 provincius
891 973 1050 1049 obeuntes,
1071 971 1176 1034 crebro
1194 993 1226 1033 se
1237 972 1288 1034 vi-

114 1133 116 1138 .
189 1077 268 1138 disse
281 1075 376 1136 tradit
390 1080 460 1142 102.
475 1074 510 1138 A.
550 1073 623 1134 Post
637 1073 791 1153 eliquanto
811 1073 844 1134 in
859 1075 1018 1154 collegium
1033 1073 1220 1154 secerdotum
1234 1095 1288 1156 ps-

186 1179 350 1240 latinorum
379 1177 501 1252 orcitus,
529 1196 556 1234 s.
583 1179 656 1242 981.
682 1195 751 1236 cum
771 1174 898 1236 Basilius
923 1175 999 1256 Imp.
1018 1195 1125 1254 magno
1142 1185 1315 1262 sppsrstu-

93 1339 101 1346 ὴ
188 1279 325 1364 Bulgsris
346 1277 460 1338 bellum
477 1278 619 1354 inferret,
642 1277 863 1368 castrisquessd
879 1277 1059 1359 Stoponium
1081 1277 1187 1358 positis
1201 1278 1290 1338 Tris·

189 1383 299 1444 ditzom
320 1379 509 1464 oppugnaret
526 1373 631 1462 (Cedr.
649 1379 686 1438 11.
706 1380 778 1446 695.
804 1375 869 1458 G),
892 1379 1012 1441 diaconi
1027 1385 1149 1440 munere
1163 1381 1290 1459 iungens

189 1496 310 1548 secutus
342 1481 517 1544 comitatum
545 1487 606 1538 est:
633 1479 859 1562 legionibusque
886 1489 1052 1542 retrorsum
1077 1481 1188 1562 raptis,
1219 1502 1291 1542 cum
1326 1479 1328 1482 ’

190 1587 340 1650 exercitus
356 1582 535 1668 perterritae
548 1581 732 1642 internecive
749 1583 832 1656 clade
847 1584 880 1642 in
892 1582 1001 1674 itinere
1015 1583 1204 1660 afficeretur,
1224 1582 1291 1663 ipss

104 1715 107 1720 ·
189 1709 207 1750 e
228 1667 436 1770 'bulgarorum
457 1683 591 1762 undique
612 1684 835 1764 provoluntium
859 1685 996 1746 monibus
1017 1684 1107 1767 (107.
1125 1679 1181 1769 B.)
1203 1704 1291 1764 segre

189 1791 293 1854 erosit.
334 1791 436 1864 Quare
462 1777 572 1866 opinor
591 1785 624 1844 i'u
652 1783 803 1857 Historib',
825 1787 940 1864 quoties
960 1787 1088 1848 Moesiae
1103 1787 1290 1848 mentionem

67 1929 71 1952 r
188 1893 263 1955 lacit
284 1890 383 1973 (velut
398 1893 449 1958 88.
469 1886 513 1969 C.)
521 1932 531 1964 ,
552 1896 680 1946 uomere
693 1894 724 1944 et
738 1873 925 1948 exalbescere
937 1899 1079 1968 tsuqusm
1094 1889 1210 1950 obiecto
1224 1900 1290 1954 ter-

187 1993 271 2056 ribili
288 2013 322 2054 re
344 1993 482 2068 videtur,
503 1987 583 2050 nihil
603 1996 640 2048 ut
660 1987 715 2064 sit,
743 1987 825 2068 quod
849 2009 941 2069 seque
956 1992 984 2050 ei
993 1989 1184 2078 formidinem
1207 1991 1291 2052 dices

75 2145 77 2152 ,
188 2094 349 2162 iniecisse,
380 2093 476 2168 Quem
488 2079 592 2172 postes
606 2089 739 2150 tenuerit
750 2089 831 2150 vitoe
846 2111 968 2152 cursum
980 2111 1075 2172 neque
1090 2091 1155 2170 ipse
1165 2091 1290 2172 indicet,

189 2216 288 2278 neque
300 2195 353 2256 slii
365 2195 504 2256 uadunt:
524 2193 582 2272 nisi
595 2211 667 2252 vero
681 2190 709 2252 si
723 2191 791 2271 quis
809 2201 868 2270 est,
890 2196 943 2274 qui
958 2194 1060 2268 addito
1074 2195 1192 2260 demum
1212 2210 1293 2262 sete·

190 2308 368 2358 terrerum
385 2295 652 2381 ecclesiasticarum
666 2314 738 2354 curs
748 2293 815 2356 eum
830 2294 989 2356 obduxisse
1000 2316 1064 2356 sese
1079 2309 1178 2380 putet.
1202 2310 1292 2380 atque

190 2399 225 2460 in
248 2419 396 2460 secessum
403 2443 413 2477 ‚
434 2399 584 2460 Historise
604 2397 776 2458 condendae
797 2391 902 2472 ceusu,
923 2417 955 2456 se
969 2397 1125 2476 recepisse.
1169 2388 1309 2482 Constet¹

193 2497 283 2576 certe,
297 2521 360 2560 non
373 2499 468 2562 exisse
482 2498 758 2580 scriptionemsnts
772 2517 797 2558 o.
813 2501 885 2564 989.
901 2518 961 2577 quo
970 2499 1209 2564 BsrdssPlrocss'
1221 2526 1294 2566 con.

190 2609 238 2662 trs
260 2601 403 2660 Basilium
423 2602 500 2683 Imp.
517 2601 666 2662 rebellsns
689 2618 850 2678 oppressus
869 2609 928 2660 est:
951 2601 1065 2682 quippe
1077 2605 1141 2666 eius
1153 2607 1294 2672 interitus

85 2710 91 2756 .'
121 2731 124 2738 ·
189 2703 318 2764 refertur
342 2707 413 2770 108.
429 2705 463 2766 Β.
502 2699 882 2782 ExpugnetioChersonis,
905 2702 1293 2790 dequs108.c.etm9rs

188 2803 294 2865 Basilii
306 2804 453 2886 prsesidis
468 2801 561 2891 (106.
574 2799 623 2887 D.)
641 2823 719 2864 anno
735 2813 804 2862 onte
817 2803 1000 2864 ecciderunt
1036 2805 1114 2866 Num
1130 2810 1291 2872 consilium

54 2975 57 2981 p
137 2909 139 2912 ’
189 2907 402 2986 fueritbeoni,
423 2907 504 2966 ultro
519 2905 682 2966 Trimisoss
700 2915 827 2966 mortem
842 2906 987 2968 deducere
1003 2907 1176 2989 historiam,
1198 2913 1290 2974 dubi-

83 3061 86 3068 .
189 3007 250 3070 nri
266 3018 376 3090 potest.
416 3009 493 3070 Nam
514 3009 595 3090 quod
611 3007 717 3069 scribit
739 3001 858 3076 109'13.
875 3007 966 3088 mols,
987 3012 1173 3092 per'stellem
1189 3013 1289 3074 crini-

189 3093 252 3172 t'sm
271 3123 509 3191 praemonstrata
538 3106 631 3196 (quse
649 3119 754 3192 posteo
774 3110 883 3172 Rasilio
902 3113 1066 3194 imperante
1086 3108 1286 3195 evenerunt),

189 3231 245 3272 suo
263 3212 519 3298 quidqueiordine
538 3215 576 3274 rb
595 3213 723 3276 historie
745 3197 861 3274 dietum
879 3213 935 3294 iri,
955 3217 988 3278 id
1008 3217 1135 3277 fortasse
1157 3233 1221 3272 non
1242 3211 1287 3272 sic

190 3314 418 3394 intelligendum
433 3326 491 3394 est,
515 3316 600 3397 qussi
619 3317 682 3396 ipse
695 3314 752 3376 sibi
767 3333 800 3374 ee
813 3325 969 3395 seponeret
982 3315 1145 3392 narrando,
1167 3314 1220 3376 sed
1232 3333 1287 3394 ge-

190 3415 334 3494 neratim,
356 3419 422 3480 sliis
443 3439 475 3480 ee
490 3418 688 3500 scriptoribus
701 3413 855 3498 materiem
871 3417 989 3478 dicendi
1004 3416 1183 3500 praebituro.

275 3518 326 3582 Vl
346 3520 425 3600 Ergo
440 3521 499 3582 tris
510 3521 698 3603 potissimum
709 3509 799 3596 bello,
824 3518 989 3596 Creticum,
1011 3518 1194 3598 Asiaticum,
1212 3519 1290 3580 llus-
1335 3601 1336 3604 Ἴ

182 3607 302 3700 sicum,
324 3621 517 3683 formidolose
531 3633 620 3704 etque
640 3622 790 3700 difficilis,
812 3620 970 3680 scribendo
983 3620 1039 3680 sibi
1052 3622 1174 3701 sumsit,
1197 3621 1288 3684 sffer-
1327 3623 1328 3626 ’

72 3731 105 3787 P.
121 3731 284 3804 vmroque
301 3723 403 3784 lumen
426 3726 525 3788 voluit
545 3725 633 3786 rebus
653 3745 707 3786 suo
727 3732 821 3784 setste
836 3721 1076 3806 (959-975.)
1090 3727 1189 3805 gestis,
1230 3727 1289 3787 ssd

1 3822 7 3845 ²
61 3905 63 3910 ,
189 3834 235 3886 est
250 3845 390 3904 magnum
411 3847 520 3888 munus
538 3826 664 3888 historie
671 3871 688 3906 „
702 3835 732 3886 et
747 3845 785 3885 ex
798 3826 879 3884 omni
893 3826 1060 3906 scripturos
1073 3849 1180 3908 genere
1192 3847 1288 3911 prope

191 3927 290 3989 dicem
304 3927 523 3990 difficillimum
556 3933 634 3990 Sunt
647 3929 808 4008 unicuique
819 3928 939 3988 soeculo
952 3948 1022 3990 suse
1035 3932 1194 3992 caecitates·
1203 3949 1288 3990 men-

188 4029 246 4089 tis:
267 4039 317 4110 ut,
338 4031 475 4112 quamvis
510 4041 628 4120 coetero
655 4032 771 4093 ratione
789 4017 873 4090 rectu
896 4029 1026 4108 iudicet,
1054 4028 1287 4118 inquibusdrnr
1341 4041 1348 4056 ‘

188 4136 289 4190 tumen
315 4133 426 4194 erroris
459 4144 550 4216 etque
564 4178 567 4185 -
583 4133 772 4196 hebetudinis
800 4131 841 4192 sit
861 4129 1130 4213 condemnandum.
1176 4132 1288 4196 Infini-

182 4239 254 4326 torn
278 4230 342 4296 vim
363 4233 475 4299 babent
505 4237 680 4330 religipnes‚
708 4233 863 4315 instituto,
890 4235 1053 4320 sectiones,
1080 4243 1194 4300 sectae:
1222 4255 1289 4296 non
