<?xml version="1.0" encoding="UTF-8"?>
<!DOCTYPE html PUBLIC "-//W3C//DTD XHTML 1.0 Transitional//EN"
    "http://www.w3.org/TR/xhtml1/DTD/xhtml1-transitional.dtd">
<html xmlns="http://www.w3.org/1999/xhtml" xml:lang="en" lang="en">
 <head>
  <title>
</title>
<meta http-equiv="Content-Type" content="text/html;charset=utf-8" />
  <meta name='ocr-system' content='tesseract 3.04.00' />
  <meta name='ocr-capabilities' content='ocr_page ocr_carea ocr_par ocr_line ocrx_word'/>
</head>
<body>
  <div class='ocr_page' id='page_1' title='image "./leonisdiaconica00liutgoog/leonisdiaconica00liutgoog_0425.png"; bbox 0 0 2722 5272; ppageno 0'>
   <div class='ocr_carea' id='block_1_1' title="bbox 74 697 1086 814">
    <p class='ocr_par' dir='ltr' id='par_1_1' title="bbox 74 697 1086 814">
     <span class='ocr_line' id='line_1_1' title="bbox 74 697 1086 814; baseline -0.004 -31"><span class='ocrx_word' id='word_1_1' title='bbox 74 697 116 814; x_wconf 16' lang='grc' dir='ltr'>ἰ</span> <span class='ocrx_word' id='word_1_2' title='bbox 184 705 260 782; x_wconf 76' lang='lat' dir='ltr'>sno</span> <span class='ocrx_word' id='word_1_3' title='bbox 376 711 610 784; x_wconf 71' lang='lat' dir='ltr'>excuntes</span> <span class='ocrx_word' id='word_1_4' title='bbox 628 707 693 779; x_wconf 76' lang='lat' dir='ltr'>Ex</span> <span class='ocrx_word' id='word_1_5' title='bbox 711 705 882 779; x_wconf 76' lang='lat' dir='ltr'>menon</span> <span class='ocrx_word' id='word_1_6' title='bbox 902 709 1086 814; x_wconf 78' lang='lat' dir='ltr'>susnuu</span> 
     </span>
    </p>
   </div>
   <div class='ocr_carea' id='block_1_2' title="bbox 120 867 1354 4726">
    <p class='ocr_par' dir='ltr' id='par_1_2' title="bbox 185 867 1279 1055">
     <span class='ocr_line' id='line_1_2' title="bbox 186 867 1279 951; baseline -0.004 -17"><span class='ocrx_word' id='word_1_7' title='bbox 186 893 226 935; x_wconf 83' lang='lat' dir='ltr'>ax</span> <span class='ocrx_word' id='word_1_8' title='bbox 241 870 395 933; x_wconf 71' lang='lat' dir='ltr'><strong>annalibus</strong></span> <span class='ocrx_word' id='word_1_9' title='bbox 413 871 476 931; x_wconf 87' lang='lat' dir='ltr'>eins</span> <span class='ocrx_word' id='word_1_10' title='bbox 488 867 699 932; x_wconf 85' lang='lat' dir='ltr'>Halebenaibus</span> <span class='ocrx_word' id='word_1_11' title='bbox 718 887 788 930; x_wconf 87' lang='lat' dir='ltr'>eum</span> <span class='ocrx_word' id='word_1_12' title='bbox 802 867 999 950; x_wconf 73' lang='lat' dir='ltr'>antiptosibus</span> <span class='ocrx_word' id='word_1_13' title='bbox 1020 887 1121 931; x_wconf 82' lang='lat' dir='ltr'>rerum</span> <span class='ocrx_word' id='word_1_14' title='bbox 1133 869 1279 951; x_wconf 59' lang='lat' dir='ltr'>Byzantia</span> 
     </span>
     <span class='ocr_line' id='line_1_3' title="bbox 185 973 599 1055; baseline 0 -17"><span class='ocrx_word' id='word_1_15' title='bbox 185 995 293 1038; x_wconf 82' lang='lat' dir='ltr'>nerem</span> <span class='ocrx_word' id='word_1_16' title='bbox 309 993 481 1055; x_wconf 81' lang='lat' dir='ltr'>comparare</span> <span class='ocrx_word' id='word_1_17' title='bbox 494 973 599 1038; x_wconf 78' lang='lat' dir='ltr'>velint.</span> 
     </span>
    </p>

    <p class='ocr_par' dir='ltr' id='par_1_3' title="bbox 185 1069 1354 1856">
     <span class='ocr_line' id='line_1_4' title="bbox 269 1069 1281 1156; baseline -0.002 -19"><span class='ocrx_word' id='word_1_18' title='bbox 269 1069 419 1155; x_wconf 84' lang='lat' dir='ltr'>lixeerpta</span> <span class='ocrx_word' id='word_1_19' title='bbox 433 1094 471 1136; x_wconf 80' lang='lat' dir='ltr'>ex</span> <span class='ocrx_word' id='word_1_20' title='bbox 485 1075 592 1156; x_wconf 85' lang='lat' dir='ltr'>quovis</span> <span class='ocrx_word' id='word_1_21' title='bbox 606 1081 728 1136; x_wconf 81' lang='lat' dir='ltr'>anatona</span> <span class='ocrx_word' id='word_1_22' title='bbox 747 1071 905 1156; x_wconf 85' lang='lat' dir='ltr'>separatim</span> <span class='ocrx_word' id='word_1_23' title='bbox 917 1070 1057 1151; x_wconf 83' lang='lat' dir='ltr'>exhibui,</span> <span class='ocrx_word' id='word_1_24' title='bbox 1078 1072 1136 1136; x_wconf 86' lang='lat' dir='ltr'>boo</span> <span class='ocrx_word' id='word_1_25' title='bbox 1148 1075 1281 1156; x_wconf 81' lang='lat' dir='ltr'>potissi-</span> 
     </span>
     <span class='ocr_line' id='line_1_5' title="bbox 185 1175 1354 1261; baseline -0.003 -20"><span class='ocrx_word' id='word_1_26' title='bbox 185 1199 268 1241; x_wconf 83' lang='lat' dir='ltr'>mum</span> <span class='ocrx_word' id='word_1_27' title='bbox 290 1176 432 1256; x_wconf 87' lang='lat' dir='ltr'>consilio,</span> <span class='ocrx_word' id='word_1_28' title='bbox 453 1185 489 1238; x_wconf 89' lang='lat' dir='ltr'>ut</span> <span class='ocrx_word' id='word_1_29' title='bbox 502 1177 621 1240; x_wconf 77' lang='lat' dir='ltr'>facilius</span> <span class='ocrx_word' id='word_1_30' title='bbox 639 1175 819 1256; x_wconf 75' lang='lat' dir='ltr'>intelligeret</span> <span class='ocrx_word' id='word_1_31' title='bbox 832 1176 945 1252; x_wconf 84' lang='lat' dir='ltr'>lactor,</span> <span class='ocrx_word' id='word_1_32' title='bbox 968 1195 1044 1256; x_wconf 89' lang='lat' dir='ltr'>quae</span> <span class='ocrx_word' id='word_1_33' title='bbox 1059 1177 1096 1237; x_wconf 92' lang='lat' dir='ltr'>de</span> <span class='ocrx_word' id='word_1_34' title='bbox 1111 1197 1229 1261; x_wconf 79' lang='lat' dir='ltr'>queque</span> <span class='ocrx_word' id='word_1_35' title='bbox 1241 1197 1279 1238; x_wconf 88' lang='lat' dir='ltr'>ae</span> <span class='ocrx_word' id='word_1_36' title='bbox 1347 1241 1354 1252; x_wconf 67' lang='grc'><strong><em>,</em></strong></span> 
     </span>
     <span class='ocr_line' id='line_1_6' title="bbox 186 1277 1283 1362; baseline -0.002 -20"><span class='ocrx_word' id='word_1_37' title='bbox 186 1291 267 1362; x_wconf 78' lang='lat' dir='ltr'>gesta</span> <span class='ocrx_word' id='word_1_38' title='bbox 281 1282 403 1361; x_wconf 88' lang='lat' dir='ltr'>quisque</span> <span class='ocrx_word' id='word_1_39' title='bbox 414 1278 521 1340; x_wconf 84' lang='lat' dir='ltr'>tradat.</span> <span class='ocrx_word' id='word_1_40' title='bbox 561 1279 685 1340; x_wconf 70' lang='lat' dir='ltr'>‘luetis</span> <span class='ocrx_word' id='word_1_41' title='bbox 700 1278 893 1360; x_wconf 84' lang='lat' dir='ltr'>supervacuis</span> <span class='ocrx_word' id='word_1_42' title='bbox 905 1277 1049 1340; x_wconf 88' lang='lat' dir='ltr'>addendis</span> <span class='ocrx_word' id='word_1_43' title='bbox 1064 1299 1168 1338; x_wconf 89' lang='lat' dir='ltr'>manua</span> <span class='ocrx_word' id='word_1_44' title='bbox 1183 1279 1283 1340; x_wconf 85' lang='lat' dir='ltr'>abati-</span> 
     </span>
     <span class='ocr_line' id='line_1_7' title="bbox 186 1377 1349 1465; baseline -0.009 -16"><span class='ocrx_word' id='word_1_45' title='bbox 186 1388 256 1465; x_wconf 80' lang='lat' dir='ltr'>nui5</span> <span class='ocrx_word' id='word_1_46' title='bbox 284 1385 405 1446; x_wconf 88' lang='lat' dir='ltr'>minime</span> <span class='ocrx_word' id='word_1_47' title='bbox 425 1381 505 1442; x_wconf 90' lang='lat' dir='ltr'>enim</span> <span class='ocrx_word' id='word_1_48' title='bbox 526 1387 609 1442; x_wconf 84' lang='lat' dir='ltr'>ratus</span> <span class='ocrx_word' id='word_1_49' title='bbox 637 1399 721 1456; x_wconf 89' lang='lat' dir='ltr'>sum,</span> <span class='ocrx_word' id='word_1_50' title='bbox 741 1377 823 1440; x_wconf 86' lang='lat' dir='ltr'>huno</span> <span class='ocrx_word' id='word_1_51' title='bbox 851 1379 925 1444; x_wconf 81' lang='lat' dir='ltr'>milei</span> <span class='ocrx_word' id='word_1_52' title='bbox 955 1380 1058 1442; x_wconf 91' lang='lat' dir='ltr'>datum</span> <span class='ocrx_word' id='word_1_53' title='bbox 1082 1401 1144 1442; x_wconf 87' lang='lat' dir='ltr'>esse</span> <span class='ocrx_word' id='word_1_54' title='bbox 1166 1381 1278 1460; x_wconf 83' lang='lat' dir='ltr'>locum,</span> <span class='ocrx_word' id='word_1_55' title='bbox 1345 1431 1349 1438; x_wconf 91' lang='lat'>.</span> 
     </span>
     <span class='ocr_line' id='line_1_8' title="bbox 186 1479 1277 1566; baseline -0.007 -16"><span class='ocrx_word' id='word_1_56' title='bbox 186 1499 223 1550; x_wconf 87' lang='lat' dir='ltr'>ut</span> <span class='ocrx_word' id='word_1_57' title='bbox 241 1487 440 1566; x_wconf 82' lang='lat' dir='ltr'>cognitionem</span> <span class='ocrx_word' id='word_1_58' title='bbox 460 1482 629 1544; x_wconf 83' lang='lat' dir='ltr'>litterarum</span> <span class='ocrx_word' id='word_1_59' title='bbox 642 1479 840 1542; x_wconf 69' lang='lat' dir='ltr'>Orientalium</span> <span class='ocrx_word' id='word_1_60' title='bbox 861 1483 1095 1563; x_wconf 75' lang='lat' dir='ltr'>qualemcunque</span> <span class='ocrx_word' id='word_1_61' title='bbox 1112 1481 1277 1562; x_wconf 85' lang='lat' dir='ltr'>probarem,</span> 
     </span>
     <span class='ocr_line' id='line_1_9' title="bbox 186 1583 1279 1669; baseline -0.006 -18"><span class='ocrx_word' id='word_1_62' title='bbox 186 1609 284 1669; x_wconf 86' lang='lat' dir='ltr'>neque</span> <span class='ocrx_word' id='word_1_63' title='bbox 299 1589 392 1649; x_wconf 83' lang='lat' dir='ltr'>ullam</span> <span class='ocrx_word' id='word_1_64' title='bbox 415 1605 482 1646; x_wconf 90' lang='lat' dir='ltr'>cum</span> <span class='ocrx_word' id='word_1_65' title='bbox 499 1583 696 1666; x_wconf 82' lang='lat' dir='ltr'>scriptoribus</span> <span class='ocrx_word' id='word_1_66' title='bbox 716 1583 861 1654; x_wconf 83' lang='lat' dir='ltr'>historiae</span> <span class='ocrx_word' id='word_1_67' title='bbox 876 1583 1279 1665; x_wconf 83' lang='lat' dir='ltr'>Byzantinsecomparatio·</span> 
     </span>
     <span class='ocr_line' id='line_1_10' title="bbox 186 1685 1279 1770; baseline -0.004 -18"><span class='ocrx_word' id='word_1_68' title='bbox 186 1711 256 1754; x_wconf 82' lang='lat' dir='ltr'>nean</span> <span class='ocrx_word' id='word_1_69' title='bbox 281 1687 416 1768; x_wconf 83' lang='lat' dir='ltr'>institui,</span> <span class='ocrx_word' id='word_1_70' title='bbox 445 1686 558 1768; x_wconf 83' lang='lat' dir='ltr'>quippe</span> <span class='ocrx_word' id='word_1_71' title='bbox 582 1686 665 1768; x_wconf 88' lang='lat' dir='ltr'>quod</span> <span class='ocrx_word' id='word_1_72' title='bbox 685 1685 761 1750; x_wconf 87' lang='lat' dir='ltr'>fines</span> <span class='ocrx_word' id='word_1_73' title='bbox 787 1685 965 1770; x_wconf 79' lang='lat' dir='ltr'>provinciae</span> <span class='ocrx_word' id='word_1_74' title='bbox 991 1685 1066 1750; x_wconf 89' lang='lat' dir='ltr'>mibi</span> <span class='ocrx_word' id='word_1_75' title='bbox 1087 1686 1279 1762; x_wconf 71' lang='lat' dir='ltr'>demandatae</span> 
     </span>
     <span class='ocr_line' id='line_1_11' title="bbox 186 1791 1187 1856; baseline 0.002 -2"><span class='ocrx_word' id='word_1_76' title='bbox 186 1791 351 1854; x_wconf 83' lang='lat' dir='ltr'>excederet.</span> <span class='ocrx_word' id='word_1_77' title='bbox 785 1839 788 1846; x_wconf 80' lang='lat'>-</span> <span class='ocrx_word' id='word_1_78' title='bbox 1185 1847 1187 1856; x_wconf 56' lang='lat'>.</span> 
     </span>
    </p>

    <p class='ocr_par' dir='ltr' id='par_1_4' title="bbox 120 1879 1287 3808">
     <span class='ocr_line' id='line_1_12' title="bbox 272 1879 1281 1983; baseline -0.007 -25"><span class='ocrx_word' id='word_1_79' title='bbox 272 1898 390 1972; x_wconf 81' lang='lat' dir='ltr'>Restat,</span> <span class='ocrx_word' id='word_1_80' title='bbox 411 1902 447 1954; x_wconf 89' lang='lat' dir='ltr'>ut</span> <span class='ocrx_word' id='word_1_81' title='bbox 466 1891 561 1958; x_wconf 84' lang='lat' dir='ltr'>tsibns</span> <span class='ocrx_word' id='word_1_82' title='bbox 573 1893 673 1956; x_wconf 81' lang='lat' dir='ltr'>verbis</span> <span class='ocrx_word' id='word_1_83' title='bbox 689 1879 789 1983; x_wconf 80' lang='lat' dir='ltr'>diuam</span> <span class='ocrx_word' id='word_1_84' title='bbox 804 1891 841 1956; x_wconf 88' lang='lat' dir='ltr'>de</span> <span class='ocrx_word' id='word_1_85' title='bbox 856 1893 1058 1971; x_wconf 83' lang='lat' dir='ltr'>Seileddsula,</span> <span class='ocrx_word' id='word_1_86' title='bbox 1082 1891 1201 1952; x_wconf 88' lang='lat' dir='ltr'>domino</span> <span class='ocrx_word' id='word_1_87' title='bbox 1214 1891 1281 1952; x_wconf 87' lang='lat' dir='ltr'>Ha-</span> 
     </span>
     <span class='ocr_line' id='line_1_13' title="bbox 186 1977 1282 2080; baseline -0.004 -20"><span class='ocrx_word' id='word_1_88' title='bbox 186 1999 263 2076; x_wconf 88' lang='lat' dir='ltr'>lebi,</span> <span class='ocrx_word' id='word_1_89' title='bbox 293 2007 378 2080; x_wconf 80' lang='lat' dir='ltr'>patre</span> <span class='ocrx_word' id='word_1_90' title='bbox 402 1977 692 2076; x_wconf 77' lang='lat' dir='ltr'>Sanbd-addaulse,</span> <span class='ocrx_word' id='word_1_91' title='bbox 722 1995 807 2058; x_wconf 84' lang='lat' dir='ltr'>cuius</span> <span class='ocrx_word' id='word_1_92' title='bbox 829 1997 946 2078; x_wconf 83' lang='lat' dir='ltr'>saepius</span> <span class='ocrx_word' id='word_1_93' title='bbox 971 1997 1005 2056; x_wconf 89' lang='lat' dir='ltr'>in</span> <span class='ocrx_word' id='word_1_94' title='bbox 1026 1995 1106 2056; x_wconf 87' lang='lat' dir='ltr'>bisce</span> <span class='ocrx_word' id='word_1_95' title='bbox 1130 1995 1282 2076; x_wconf 77' lang='lat' dir='ltr'>excerptis</span> 
     </span>
     <span class='ocr_line' id='line_1_14' title="bbox 188 2096 1282 2162; baseline -0.006 0"><span class='ocrx_word' id='word_1_96' title='bbox 188 2101 300 2162; x_wconf 87' lang='lat' dir='ltr'>mentio</span> <span class='ocrx_word' id='word_1_97' title='bbox 319 2103 397 2159; x_wconf 81' lang='lat' dir='ltr'>facta</span> <span class='ocrx_word' id='word_1_98' title='bbox 413 2107 468 2160; x_wconf 88' lang='lat' dir='ltr'>eet.</span> <span class='ocrx_word' id='word_1_99' title='bbox 511 2098 664 2158; x_wconf 90' lang='lat' dir='ltr'>Oriundus</span> <span class='ocrx_word' id='word_1_100' title='bbox 681 2097 708 2159; x_wconf 87' lang='lat' dir='ltr'>is</span> <span class='ocrx_word' id='word_1_101' title='bbox 723 2098 782 2158; x_wconf 80' lang='lat' dir='ltr'>fuit</span> <span class='ocrx_word' id='word_1_102' title='bbox 796 2119 834 2160; x_wconf 83' lang='lat' dir='ltr'>ex</span> <span class='ocrx_word' id='word_1_103' title='bbox 845 2097 1062 2160; x_wconf 77' lang='lat' dir='ltr'>nobili-nmilia</span> <span class='ocrx_word' id='word_1_104' title='bbox 1075 2096 1282 2157; x_wconf 82' lang='lat' dir='ltr'>llamdnnida-</span> 
     </span>
     <span class='ocr_line' id='line_1_15' title="bbox 188 2193 1283 2280; baseline -0.009 -14"><span class='ocrx_word' id='word_1_105' title='bbox 188 2225 276 2280; x_wconf 81' lang='lat' dir='ltr'>rum,</span> <span class='ocrx_word' id='word_1_106' title='bbox 304 2203 353 2262; x_wconf 91' lang='lat' dir='ltr'>cui</span> <span class='ocrx_word' id='word_1_107' title='bbox 372 2221 482 2264; x_wconf 88' lang='lat' dir='ltr'>nomen</span> <span class='ocrx_word' id='word_1_108' title='bbox 500 2193 638 2260; x_wconf 88' lang='lat' dir='ltr'>inditum</span> <span class='ocrx_word' id='word_1_109' title='bbox 652 2209 696 2262; x_wconf 87' lang='lat' dir='ltr'>est</span> <span class='ocrx_word' id='word_1_110' title='bbox 718 2200 754 2260; x_wconf 87' lang='lat' dir='ltr'>ab</span> <span class='ocrx_word' id='word_1_111' title='bbox 778 2210 917 2275; x_wconf 80' lang='lat' dir='ltr'>auctore,</span> <span class='ocrx_word' id='word_1_112' title='bbox 938 2197 1108 2275; x_wconf 85' lang='lat' dir='ltr'>Hamdano,</span> <span class='ocrx_word' id='word_1_113' title='bbox 1130 2217 1186 2257; x_wconf 89' lang='lat' dir='ltr'>avo</span> <span class='ocrx_word' id='word_1_114' title='bbox 1211 2198 1283 2256; x_wconf 87' lang='lat' dir='ltr'>Sei-</span> 
     </span>
     <span class='ocr_line' id='line_1_16' title="bbox 189 2299 1283 2382; baseline -0.01 -15"><span class='ocrx_word' id='word_1_115' title='bbox 189 2305 355 2368; x_wconf 79' lang='lat' dir='ltr'>ieddeulae.</span> <span class='ocrx_word' id='word_1_116' title='bbox 397 2303 469 2364; x_wconf 90' lang='lat' dir='ltr'>Post</span> <span class='ocrx_word' id='word_1_117' title='bbox 482 2301 567 2363; x_wconf 82' lang='lat' dir='ltr'>varia</span> <span class='ocrx_word' id='word_1_118' title='bbox 585 2303 646 2362; x_wconf 85' lang='lat' dir='ltr'>lata</span> <span class='ocrx_word' id='word_1_119' title='bbox 665 2302 751 2362; x_wconf 89' lang='lat' dir='ltr'>annis</span> <span class='ocrx_word' id='word_1_120' title='bbox 765 2301 895 2382; x_wconf 86' lang='lat' dir='ltr'>denique</span> <span class='ocrx_word' id='word_1_121' title='bbox 913 2305 975 2370; x_wconf 76' lang='lat'>333</span> <span class='ocrx_word' id='word_1_122' title='bbox 994 2312 1023 2362; x_wconf 92' lang='lat' dir='ltr'>et</span> <span class='ocrx_word' id='word_1_123' title='bbox 1038 2302 1118 2379; x_wconf 78' lang='lat'><strong>334,</strong></span> <span class='ocrx_word' id='word_1_124' title='bbox 1139 2300 1191 2380; x_wconf 90' lang='lat' dir='ltr'>qui</span> <span class='ocrx_word' id='word_1_125' title='bbox 1204 2299 1283 2359; x_wconf 87' lang='lat' dir='ltr'>inci.</span> 
     </span>
     <span class='ocr_line' id='line_1_17' title="bbox 189 2401 1284 2486; baseline -0.004 -20"><span class='ocrx_word' id='word_1_126' title='bbox 189 2405 266 2466; x_wconf 88' lang='lat' dir='ltr'>dunt</span> <span class='ocrx_word' id='word_1_127' title='bbox 282 2404 314 2464; x_wconf 89' lang='lat' dir='ltr'>in</span> <span class='ocrx_word' id='word_1_128' title='bbox 336 2426 428 2466; x_wconf 86' lang='lat' dir='ltr'>annos</span> <span class='ocrx_word' id='word_1_129' title='bbox 448 2427 478 2486; x_wconf 86' lang='lat' dir='ltr'>p.</span> <span class='ocrx_word' id='word_1_130' title='bbox 502 2404 571 2466; x_wconf 84' lang='lat' dir='ltr'>chr.</span> <span class='ocrx_word' id='word_1_131' title='bbox 594 2427 626 2466; x_wconf 89' lang='lat' dir='ltr'>n.</span> <span class='ocrx_word' id='word_1_132' title='bbox 648 2405 710 2472; x_wconf 88' lang='grc'>944</span> <span class='ocrx_word' id='word_1_133' title='bbox 732 2414 763 2466; x_wconf 87' lang='lat' dir='ltr'>et</span> <span class='ocrx_word' id='word_1_134' title='bbox 785 2406 867 2484; x_wconf 84' lang='grc'><strong>945,</strong></span> <span class='ocrx_word' id='word_1_135' title='bbox 897 2403 1001 2465; x_wconf 83' lang='lat' dir='ltr'>Halebi</span> <span class='ocrx_word' id='word_1_136' title='bbox 1024 2405 1144 2484; x_wconf 87' lang='lat' dir='ltr'>eiusque</span> <span class='ocrx_word' id='word_1_137' title='bbox 1166 2401 1284 2462; x_wconf 86' lang='lat' dir='ltr'>ditione</span> 
     </span>
     <span class='ocr_line' id='line_1_18' title="bbox 188 2501 1282 2588; baseline -0.003 -21"><span class='ocrx_word' id='word_1_138' title='bbox 188 2508 303 2588; x_wconf 84' lang='lat' dir='ltr'>potitus</span> <span class='ocrx_word' id='word_1_139' title='bbox 319 2517 363 2567; x_wconf 84' lang='lat' dir='ltr'>eet</span> <span class='ocrx_word' id='word_1_140' title='bbox 372 2508 567 2584; x_wconf 82' lang='lat' dir='ltr'>Seifeddanln,</span> <span class='ocrx_word' id='word_1_141' title='bbox 581 2508 681 2586; x_wconf 86' lang='lat' dir='ltr'>ibique</span> <span class='ocrx_word' id='word_1_142' title='bbox 694 2526 818 2586; x_wconf 80' lang='lat' dir='ltr'>regnum</span> <span class='ocrx_word' id='word_1_143' title='bbox 832 2527 922 2567; x_wconf 89' lang='lat' dir='ltr'>suum</span> <span class='ocrx_word' id='word_1_144' title='bbox 938 2505 1092 2566; x_wconf 73' lang='lat' dir='ltr'>stabilivit.</span> <span class='ocrx_word' id='word_1_145' title='bbox 1115 2501 1282 2586; x_wconf 76' lang='lat' dir='ltr'>(ctlbulf.</span> 
     </span>
     <span class='ocr_line' id='line_1_19' title="bbox 190 2607 1284 2690; baseline -0.002 -21"><span class='ocrx_word' id='word_1_146' title='bbox 190 2609 274 2669; x_wconf 87' lang='lat' dir='ltr'>Tem.</span> <span class='ocrx_word' id='word_1_147' title='bbox 290 2609 326 2686; x_wconf 93' lang='lat' dir='ltr'>Il,</span> <span class='ocrx_word' id='word_1_148' title='bbox 341 2631 372 2690; x_wconf 90' lang='lat' dir='ltr'>p.</span> <span class='ocrx_word' id='word_1_149' title='bbox 387 2610 459 2676; x_wconf 81' lang='grc'>435.</span> <span class='ocrx_word' id='word_1_150' title='bbox 477 2610 581 2672; x_wconf 77' lang='lat' dir='ltr'>select.</span> <span class='ocrx_word' id='word_1_151' title='bbox 603 2630 641 2688; x_wconf 81' lang='lat' dir='ltr'>ex</span> <span class='ocrx_word' id='word_1_152' title='bbox 656 2609 727 2671; x_wconf 90' lang='lat' dir='ltr'>hist.</span> <span class='ocrx_word' id='word_1_153' title='bbox 743 2607 810 2669; x_wconf 84' lang='lat' dir='ltr'>Hal.</span> <span class='ocrx_word' id='word_1_154' title='bbox 824 2629 857 2690; x_wconf 92' lang='lat' dir='ltr'>p.</span> <span class='ocrx_word' id='word_1_155' title='bbox 871 2613 914 2675; x_wconf 84' lang='grc'>37</span> <span class='ocrx_word' id='word_1_156' title='bbox 925 2629 1008 2688; x_wconf 84' lang='lat' dir='ltr'>seqq.</span> <span class='ocrx_word' id='word_1_157' title='bbox 1024 2609 1063 2667; x_wconf 80' lang='lat' dir='ltr'>ei.</span> <span class='ocrx_word' id='word_1_158' title='bbox 1080 2607 1150 2670; x_wconf 79' lang='lat' dir='ltr'>edil.</span> <span class='ocrx_word' id='word_1_159' title='bbox 1163 2616 1228 2666; x_wconf 84' lang='lat' dir='ltr'>not.</span> <span class='ocrx_word' id='word_1_160' title='bbox 1243 2607 1284 2667; x_wconf 86' lang='lat' dir='ltr'>ad</span> 
     </span>
     <span class='ocr_line' id='line_1_20' title="bbox 189 2705 1285 2806; baseline -0.004 -34.148"><span class='ocrx_word' id='word_1_161' title='bbox 189 2711 220 2772; x_wconf 88' lang='lat' dir='ltr'>b.</span> <span class='ocrx_word' id='word_1_162' title='bbox 235 2709 269 2792; x_wconf 88' lang='lat' dir='ltr'>l.)</span> <span class='ocrx_word' id='word_1_163' title='bbox 293 2712 414 2792; x_wconf 76' lang='lat' dir='ltr'>Saepius</span> <span class='ocrx_word' id='word_1_164' title='bbox 432 2712 567 2806; x_wconf 71' lang='lat' dir='ltr'>regionep</span> <span class='ocrx_word' id='word_1_165' title='bbox 584 2707 772 2772; x_wconf 84' lang='lat' dir='ltr'>Graecorum</span> <span class='ocrx_word' id='word_1_166' title='bbox 784 2711 935 2772; x_wconf 83' lang='lat' dir='ltr'>lacessivit</span> <span class='ocrx_word' id='word_1_167' title='bbox 951 2709 1095 2792; x_wconf 86' lang='lat' dir='ltr'>snaeeplia</span> <span class='ocrx_word' id='word_1_168' title='bbox 1112 2705 1285 2790; x_wconf 88' lang='lat' dir='ltr'>expeditio-</span> 
     </span>
     <span class='ocr_line' id='line_1_21' title="bbox 189 2807 1284 2894; baseline 0.002 -22"><span class='ocrx_word' id='word_1_169' title='bbox 189 2811 277 2872; x_wconf 85' lang='lat' dir='ltr'>nibus</span> <span class='ocrx_word' id='word_1_170' title='bbox 286 2861 296 2891; x_wconf 92' lang='lat'>,</span> <span class='ocrx_word' id='word_1_171' title='bbox 319 2834 392 2892; x_wconf 89' lang='lat' dir='ltr'>quaa</span> <span class='ocrx_word' id='word_1_172' title='bbox 408 2813 526 2894; x_wconf 81' lang='lat' dir='ltr'>longine</span> <span class='ocrx_word' id='word_1_173' title='bbox 541 2813 681 2894; x_wconf 76' lang='lat' dir='ltr'>persequi</span> <span class='ocrx_word' id='word_1_174' title='bbox 702 2813 739 2872; x_wconf 86' lang='lat' dir='ltr'>ab</span> <span class='ocrx_word' id='word_1_175' title='bbox 754 2811 813 2874; x_wconf 88' lang='lat' dir='ltr'>boe</span> <span class='ocrx_word' id='word_1_176' title='bbox 828 2813 895 2872; x_wconf 87' lang='lat' dir='ltr'>loeo</span> <span class='ocrx_word' id='word_1_177' title='bbox 909 2813 1039 2876; x_wconf 87' lang='lat' dir='ltr'>alienum</span> <span class='ocrx_word' id='word_1_178' title='bbox 1053 2813 1139 2872; x_wconf 85' lang='lat' dir='ltr'>soret.</span> <span class='ocrx_word' id='word_1_179' title='bbox 1169 2807 1284 2894; x_wconf 78' lang='lat' dir='ltr'>(Abali.</span> 
     </span>
     <span class='ocr_line' id='line_1_22' title="bbox 161 2914 1285 3000; baseline -0.004 -24"><span class='ocrx_word' id='word_1_180' title='bbox 161 2943 164 2952; x_wconf 53' lang='lat'><strong>⁴</strong></span> <span class='ocrx_word' id='word_1_181' title='bbox 191 2914 213 2976; x_wconf 88' lang='lat'>1.</span> <span class='ocrx_word' id='word_1_182' title='bbox 226 2916 247 2974; x_wconf 93' lang='lat' dir='ltr'>l.</span> <span class='ocrx_word' id='word_1_183' title='bbox 264 2937 292 2994; x_wconf 88' lang='lat' dir='ltr'>p.</span> <span class='ocrx_word' id='word_1_184' title='bbox 307 2915 384 2992; x_wconf 82' lang='lat'>457;</span> <span class='ocrx_word' id='word_1_185' title='bbox 406 2915 484 2991; x_wconf 77' lang='lat'>4613</span> <span class='ocrx_word' id='word_1_186' title='bbox 506 2915 579 2982; x_wconf 82' lang='lat'>467.</span> <span class='ocrx_word' id='word_1_187' title='bbox 605 2916 717 2976; x_wconf 81' lang='lat' dir='ltr'>Elmac.</span> <span class='ocrx_word' id='word_1_188' title='bbox 730 2936 763 2996; x_wconf 90' lang='lat' dir='ltr'>p.</span> <span class='ocrx_word' id='word_1_189' title='bbox 776 2915 856 2992; x_wconf 79' lang='lat'>2763</span> <span class='ocrx_word' id='word_1_190' title='bbox 871 2915 972 3000; x_wconf 68' lang='lat' dir='ltr'>pm</span> <span class='ocrx_word' id='word_1_191' title='bbox 985 2915 1065 2995; x_wconf 79' lang='lat' dir='ltr'>seq&#39;q.</span> <span class='ocrx_word' id='word_1_192' title='bbox 1077 2935 1108 2996; x_wconf 92' lang='lat' dir='ltr'>p.</span> <span class='ocrx_word' id='word_1_193' title='bbox 1124 2917 1186 2980; x_wconf 74' lang='lat'>286</span> <span class='ocrx_word' id='word_1_194' title='bbox 1200 2933 1285 2993; x_wconf 84' lang='lat' dir='ltr'>seqq.</span> 
     </span>
     <span class='ocr_line' id='line_1_23' title="bbox 191 3013 1285 3100; baseline -0.001 -25"><span class='ocrx_word' id='word_1_195' title='bbox 191 3013 357 3094; x_wconf 79' lang='lat' dir='ltr'>Abnlphir.</span> <span class='ocrx_word' id='word_1_196' title='bbox 370 3037 402 3094; x_wconf 88' lang='lat' dir='ltr'>p.</span> <span class='ocrx_word' id='word_1_197' title='bbox 413 3015 473 3081; x_wconf 86' lang='lat'>195</span> <span class='ocrx_word' id='word_1_198' title='bbox 489 3013 562 3095; x_wconf 83' lang='lat' dir='ltr'>seq.)</span> <span class='ocrx_word' id='word_1_199' title='bbox 576 3016 713 3076; x_wconf 82' lang='lat' dir='ltr'>Mortuus</span> <span class='ocrx_word' id='word_1_200' title='bbox 728 3025 772 3074; x_wconf 85' lang='lat' dir='ltr'>est</span> <span class='ocrx_word' id='word_1_201' title='bbox 786 3035 866 3077; x_wconf 89' lang='lat' dir='ltr'>anno</span> <span class='ocrx_word' id='word_1_202' title='bbox 879 3019 951 3086; x_wconf 80' lang='grc'><strong>356.</strong></span> <span class='ocrx_word' id='word_1_203' title='bbox 973 3017 1087 3100; x_wconf 76' lang='lat' dir='ltr'>(abuit.</span> <span class='ocrx_word' id='word_1_204' title='bbox 1096 3038 1126 3100; x_wconf 90' lang='lat' dir='ltr'>p.</span> <span class='ocrx_word' id='word_1_205' title='bbox 1142 3015 1215 3084; x_wconf 81' lang='grc'>493.</span> <span class='ocrx_word' id='word_1_206' title='bbox 1223 3017 1285 3076; x_wconf 84' lang='lat' dir='ltr'>Sel.</span> 
     </span>
     <span class='ocr_line' id='line_1_24' title="bbox 192 3111 793 3200; baseline 0 -26"><span class='ocrx_word' id='word_1_207' title='bbox 192 3133 232 3174; x_wconf 85' lang='lat' dir='ltr'>ex</span> <span class='ocrx_word' id='word_1_208' title='bbox 242 3115 312 3177; x_wconf 89' lang='lat' dir='ltr'>hiet.</span> <span class='ocrx_word' id='word_1_209' title='bbox 327 3115 394 3177; x_wconf 86' lang='lat' dir='ltr'>Hal.</span> <span class='ocrx_word' id='word_1_210' title='bbox 409 3137 438 3195; x_wconf 90' lang='lat' dir='ltr'>p.</span> <span class='ocrx_word' id='word_1_211' title='bbox 450 3119 519 3181; x_wconf 85' lang='lat'>138.</span> <span class='ocrx_word' id='word_1_212' title='bbox 536 3115 647 3180; x_wconf 85' lang='lat' dir='ltr'>Elmac.</span> <span class='ocrx_word' id='word_1_213' title='bbox 660 3138 691 3198; x_wconf 90' lang='lat' dir='ltr'>p.</span> <span class='ocrx_word' id='word_1_214' title='bbox 706 3111 793 3200; x_wconf 79' lang='lat'>280.)</span> 
     </span>
     <span class='ocr_line' id='line_1_25' title="bbox 120 3214 1285 3304; baseline 0.008 -29"><span class='ocrx_word' id='word_1_215' title='bbox 120 3263 133 3282; x_wconf 68' lang='grc'>,</span> <span class='ocrx_word' id='word_1_216' title='bbox 222 3269 225 3274; x_wconf 86' lang='grc'><strong>.</strong></span> <span class='ocrx_word' id='word_1_217' title='bbox 277 3216 455 3276; x_wconf 85' lang='lat' dir='ltr'>Mentionem</span> <span class='ocrx_word' id='word_1_218' title='bbox 465 3217 669 3278; x_wconf 84' lang='lat' dir='ltr'>Seiieddaulae</span> <span class='ocrx_word' id='word_1_219' title='bbox 683 3217 851 3298; x_wconf 73' lang='lat' dir='ltr'>inieeitLeo</span> <span class='ocrx_word' id='word_1_220' title='bbox 861 3214 944 3304; x_wconf 88' lang='lat' dir='ltr'>(libr.</span> <span class='ocrx_word' id='word_1_221' title='bbox 956 3219 994 3298; x_wconf 86' lang='grc' dir='ltr'>Π,</span> <span class='ocrx_word' id='word_1_222' title='bbox 1009 3225 1101 3302; x_wconf 81' lang='lat' dir='ltr'>cap.1</span> <span class='ocrx_word' id='word_1_223' title='bbox 1117 3253 1156 3268; x_wconf 91' lang='lat'>-</span> <span class='ocrx_word' id='word_1_224' title='bbox 1170 3221 1212 3300; x_wconf 79' lang='lat'>5.)</span> <span class='ocrx_word' id='word_1_225' title='bbox 1226 3223 1285 3284; x_wconf 85' lang='lat' dir='ltr'>sub</span> 
     </span>
     <span class='ocr_line' id='line_1_26' title="bbox 192 3315 1285 3402; baseline 0.005 -23"><span class='ocrx_word' id='word_1_226' title='bbox 192 3316 313 3379; x_wconf 86' lang='lat' dir='ltr'>nomine</span> <span class='ocrx_word' id='word_1_227' title='bbox 333 3315 528 3395; x_wconf 84' lang='lat' dir='ltr'>Chambdani,</span> <span class='ocrx_word' id='word_1_228' title='bbox 550 3319 571 3378; x_wconf 93' lang='lat' dir='ltr'>i.</span> <span class='ocrx_word' id='word_1_229' title='bbox 585 3339 610 3381; x_wconf 85' lang='lat' dir='ltr'>e.</span> <span class='ocrx_word' id='word_1_230' title='bbox 625 3318 789 3400; x_wconf 78' lang='lat' dir='ltr'>llamdmi,</span> <span class='ocrx_word' id='word_1_231' title='bbox 812 3321 894 3401; x_wconf 90' lang='lat' dir='ltr'>quod</span> <span class='ocrx_word' id='word_1_232' title='bbox 910 3341 973 3380; x_wconf 87' lang='lat' dir='ltr'>non</span> <span class='ocrx_word' id='word_1_233' title='bbox 987 3323 1063 3402; x_wconf 84' lang='lat' dir='ltr'>ipsi,</span> <span class='ocrx_word' id='word_1_234' title='bbox 1084 3323 1136 3383; x_wconf 84' lang='lat' dir='ltr'>sed</span> <span class='ocrx_word' id='word_1_235' title='bbox 1149 3344 1205 3384; x_wconf 85' lang='lat' dir='ltr'>avo</span> <span class='ocrx_word' id='word_1_236' title='bbox 1220 3345 1285 3386; x_wconf 90' lang='lat' dir='ltr'>no-</span> 
     </span>
     <span class='ocr_line' id='line_1_27' title="bbox 192 3419 1286 3503; baseline 0.007 -24"><span class='ocrx_word' id='word_1_237' title='bbox 192 3438 262 3480; x_wconf 87' lang='lat' dir='ltr'>men</span> <span class='ocrx_word' id='word_1_238' title='bbox 278 3419 346 3478; x_wconf 85' lang='lat' dir='ltr'>fuit.</span> <span class='ocrx_word' id='word_1_239' title='bbox 386 3419 433 3478; x_wconf 73' lang='lat' dir='ltr'>Aa</span> <span class='ocrx_word' id='word_1_240' title='bbox 448 3420 683 3502; x_wconf 84' lang='lat' dir='ltr'>expeditionem,</span> <span class='ocrx_word' id='word_1_241' title='bbox 704 3421 741 3482; x_wconf 89' lang='lat' dir='ltr'>de</span> <span class='ocrx_word' id='word_1_242' title='bbox 755 3443 812 3503; x_wconf 87' lang='lat' dir='ltr'>qua</span> <span class='ocrx_word' id='word_1_243' title='bbox 829 3424 852 3486; x_wconf 95' lang='lat' dir='ltr'>l.</span> <span class='ocrx_word' id='word_1_244' title='bbox 864 3424 886 3486; x_wconf 95' lang='lat' dir='ltr'>l.</span> <span class='ocrx_word' id='word_1_245' title='bbox 902 3423 977 3483; x_wconf 82' lang='lat' dir='ltr'>dicit</span> <span class='ocrx_word' id='word_1_246' title='bbox 998 3424 1072 3500; x_wconf 87' lang='lat' dir='ltr'>Leo,</span> <span class='ocrx_word' id='word_1_247' title='bbox 1092 3425 1286 3487; x_wconf 84' lang='lat' dir='ltr'>asserendum</span> 
     </span>
     <span class='ocr_line' id='line_1_28' title="bbox 194 3521 1286 3616; baseline 0.005 -34"><span class='ocrx_word' id='word_1_248' title='bbox 194 3531 240 3582; x_wconf 90' lang='lat' dir='ltr'>eat</span> <span class='ocrx_word' id='word_1_249' title='bbox 258 3530 431 3602; x_wconf 83' lang='lat' dir='ltr'>excerptum</span> <span class='ocrx_word' id='word_1_250' title='bbox 446 3542 484 3582; x_wconf 85' lang='lat' dir='ltr'>ex</span> <span class='ocrx_word' id='word_1_251' title='bbox 501 3521 719 3605; x_wconf 80' lang='lat' dir='ltr'>Abnlpharagio</span> <span class='ocrx_word' id='word_1_252' title='bbox 729 3569 738 3602; x_wconf 89' lang='lat'>,</span> <span class='ocrx_word' id='word_1_253' title='bbox 763 3525 846 3604; x_wconf 89' lang='lat' dir='ltr'>quod</span> <span class='ocrx_word' id='word_1_254' title='bbox 861 3526 963 3586; x_wconf 87' lang='lat' dir='ltr'>statim</span> <span class='ocrx_word' id='word_1_255' title='bbox 982 3527 1018 3586; x_wconf 91' lang='lat' dir='ltr'>ab</span> <span class='ocrx_word' id='word_1_256' title='bbox 1037 3527 1124 3588; x_wconf 89' lang='lat' dir='ltr'>initio</span> <span class='ocrx_word' id='word_1_257' title='bbox 1144 3525 1286 3616; x_wconf 76' lang='lat' dir='ltr'>exbibui3</span> 
     </span>
     <span class='ocr_line' id='line_1_29' title="bbox 193 3625 1287 3710; baseline 0.005 -24"><span class='ocrx_word' id='word_1_258' title='bbox 193 3625 315 3686; x_wconf 83' lang='lat' dir='ltr'>eandem</span> <span class='ocrx_word' id='word_1_259' title='bbox 329 3625 546 3706; x_wconf 84' lang='lat' dir='ltr'>expeditionem</span> <span class='ocrx_word' id='word_1_260' title='bbox 561 3637 727 3687; x_wconf 87' lang='lat' dir='ltr'>memorant</span> <span class='ocrx_word' id='word_1_261' title='bbox 739 3625 887 3688; x_wconf 76' lang='lat' dir='ltr'>lbnlfsda</span> <span class='ocrx_word' id='word_1_262' title='bbox 900 3637 930 3689; x_wconf 87' lang='lat' dir='ltr'>et</span> <span class='ocrx_word' id='word_1_263' title='bbox 943 3629 1184 3709; x_wconf 84' lang='lat' dir='ltr'>Cemaleddinua‚</span> <span class='ocrx_word' id='word_1_264' title='bbox 1204 3649 1287 3710; x_wconf 83' lang='lat' dir='ltr'>qae-</span> 
     </span>
     <span class='ocr_line' id='line_1_30' title="bbox 194 3726 986 3808; baseline 0.004 -19"><span class='ocrx_word' id='word_1_265' title='bbox 194 3747 261 3789; x_wconf 85' lang='lat' dir='ltr'>rnm</span> <span class='ocrx_word' id='word_1_266' title='bbox 275 3730 366 3789; x_wconf 86' lang='lat' dir='ltr'>verba</span> <span class='ocrx_word' id='word_1_267' title='bbox 381 3728 412 3788; x_wconf 91' lang='lat' dir='ltr'>h.</span> <span class='ocrx_word' id='word_1_268' title='bbox 434 3726 455 3788; x_wconf 96' lang='lat' dir='ltr'>l.</span> <span class='ocrx_word' id='word_1_269' title='bbox 476 3728 572 3808; x_wconf 81' lang='lat' dir='ltr'>legere</span> <span class='ocrx_word' id='word_1_270' title='bbox 592 3727 673 3790; x_wconf 89' lang='lat' dir='ltr'>baud</span> <span class='ocrx_word' id='word_1_271' title='bbox 689 3730 862 3808; x_wconf 75' lang='lat' dir='ltr'>gravabitur</span> <span class='ocrx_word' id='word_1_272' title='bbox 882 3731 986 3792; x_wconf 84' lang='lat' dir='ltr'>lector.</span> 
     </span>
    </p>

    <p class='ocr_par' dir='ltr' id='par_1_5' title="bbox 196 3829 1288 4116">
     <span class='ocr_line' id='line_1_31' title="bbox 271 3829 1288 3914; baseline 0.007 -25"><span class='ocrx_word' id='word_1_273' title='bbox 271 3829 619 3910; x_wconf 80' lang='lat' dir='ltr'>Cemaleddinusp.134:</span> <span class='ocrx_word' id='word_1_274' title='bbox 635 3830 742 3908; x_wconf 72' lang='lat' dir='ltr'>„Anno</span> <span class='ocrx_word' id='word_1_275' title='bbox 755 3831 818 3898; x_wconf 81' lang='grc'>348</span> <span class='ocrx_word' id='word_1_276' title='bbox 826 3833 875 3892; x_wconf 89' lang='lat' dir='ltr'>vel</span> <span class='ocrx_word' id='word_1_277' title='bbox 887 3833 949 3900; x_wconf 81' lang='grc'>349</span> <span class='ocrx_word' id='word_1_278' title='bbox 958 3833 1143 3896; x_wconf 82' lang='lat' dir='ltr'>Seifeddaule</span> <span class='ocrx_word' id='word_1_279' title='bbox 1149 3835 1288 3914; x_wconf 79' lang='lat' dir='ltr'>regiones</span> 
     </span>
     <span class='ocr_line' id='line_1_32' title="bbox 196 3931 1287 4015; baseline 0.004 -23"><span class='ocrx_word' id='word_1_280' title='bbox 196 3931 377 3992; x_wconf 84' lang='lat' dir='ltr'>Graecorum</span> <span class='ocrx_word' id='word_1_281' title='bbox 389 3932 507 3996; x_wconf 78' lang='lat' dir='ltr'>invasit.</span> <span class='ocrx_word' id='word_1_282' title='bbox 530 3933 640 4009; x_wconf 88' lang='lat' dir='ltr'>Quum,</span> <span class='ocrx_word' id='word_1_283' title='bbox 651 3933 753 3994; x_wconf 90' lang='lat' dir='ltr'>multis</span> <span class='ocrx_word' id='word_1_284' title='bbox 759 3933 926 3994; x_wconf 83' lang='lat' dir='ltr'>incolarum</span> <span class='ocrx_word' id='word_1_285' title='bbox 935 3936 1050 4012; x_wconf 86' lang='lat' dir='ltr'>oeeiaia,</span> <span class='ocrx_word' id='word_1_286' title='bbox 1062 3937 1223 4015; x_wconf 86' lang='lat' dir='ltr'>multieque</span> <span class='ocrx_word' id='word_1_287' title='bbox 1234 3956 1287 3996; x_wconf 80' lang='lat' dir='ltr'>ea-</span> 
     </span>
     <span class='ocr_line' id='line_1_33' title="bbox 196 4031 1287 4116; baseline 0.007 -26"><span class='ocrx_word' id='word_1_288' title='bbox 196 4031 267 4112; x_wconf 88' lang='lat' dir='ltr'>ptis,</span> <span class='ocrx_word' id='word_1_289' title='bbox 278 4031 389 4111; x_wconf 85' lang='lat' dir='ltr'>praeda</span> <span class='ocrx_word' id='word_1_290' title='bbox 403 4032 529 4111; x_wconf 79' lang='lat' dir='ltr'>potitus,</span> <span class='ocrx_word' id='word_1_291' title='bbox 543 4053 598 4114; x_wconf 83' lang='lat' dir='ltr'>per</span> <span class='ocrx_word' id='word_1_292' title='bbox 611 4035 759 4114; x_wconf 69' lang='lat' dir='ltr'>angustias</span> <span class='ocrx_word' id='word_1_293' title='bbox 773 4035 1061 4114; x_wconf 72' lang='lat' dir='ltr'>Maghaaae-Alcohl</span> <span class='ocrx_word' id='word_1_294' title='bbox 1072 4039 1170 4116; x_wconf 83' lang='lat' dir='ltr'>redire</span> <span class='ocrx_word' id='word_1_295' title='bbox 1183 4037 1287 4098; x_wconf 84' lang='lat' dir='ltr'>animo</span> 
     </span>
    </p>

    <p class='ocr_par' dir='ltr' id='par_1_6' title="bbox 195 4131 1288 4220">
     <span class='ocr_line' id='line_1_34' title="bbox 195 4131 1288 4220; baseline 0.009 -28"><span class='ocrx_word' id='word_1_296' title='bbox 195 4131 317 4192; x_wconf 88' lang='lat' dir='ltr'>baberet</span> <span class='ocrx_word' id='word_1_297' title='bbox 329 4142 359 4194; x_wconf 84' lang='lat' dir='ltr'>et</span> <span class='ocrx_word' id='word_1_298' title='bbox 371 4151 475 4193; x_wconf 79' lang='lat' dir='ltr'>veram</span> <span class='ocrx_word' id='word_1_299' title='bbox 490 4154 538 4194; x_wconf 89' lang='lat' dir='ltr'>eas</span> <span class='ocrx_word' id='word_1_300' title='bbox 551 4134 611 4194; x_wconf 82' lang='lat' dir='ltr'>iter</span> <span class='ocrx_word' id='word_1_301' title='bbox 623 4135 772 4213; x_wconf 84' lang='lat' dir='ltr'>flecteret,</span> <span class='ocrx_word' id='word_1_302' title='bbox 794 4137 886 4198; x_wconf 81' lang='lat' dir='ltr'>Leoni</span> <span class='ocrx_word' id='word_1_303' title='bbox 898 4137 963 4198; x_wconf 83' lang='lat' dir='ltr'>filio</span> <span class='ocrx_word' id='word_1_304' title='bbox 976 4139 1092 4202; x_wconf 83' lang='lat' dir='ltr'>Phocea</span> <span class='ocrx_word' id='word_1_305' title='bbox 1111 4142 1288 4220; x_wconf 83' lang='lat' dir='ltr'>domestioo‚</span> 
     </span>
    </p>

    <p class='ocr_par' dir='ltr' id='par_1_7' title="bbox 147 4223 1290 4726">
     <span class='ocr_line' id='line_1_35' title="bbox 147 4223 1287 4314; baseline 0.011 -21"><span class='ocrx_word' id='word_1_306' title='bbox 147 4223 149 4230; x_wconf 60' lang='grc'>’</span> <span class='ocrx_word' id='word_1_307' title='bbox 197 4235 248 4312; x_wconf 88' lang='lat' dir='ltr'>qui</span> <span class='ocrx_word' id='word_1_308' title='bbox 263 4234 302 4294; x_wconf 87' lang='lat' dir='ltr'>nd</span> <span class='ocrx_word' id='word_1_309' title='bbox 315 4235 382 4294; x_wconf 89' lang='lat' dir='ltr'>illas</span> <span class='ocrx_word' id='word_1_310' title='bbox 403 4233 503 4314; x_wconf 88' lang='lat' dir='ltr'>ipsum</span> <span class='ocrx_word' id='word_1_311' title='bbox 515 4246 730 4314; x_wconf 85' lang='lat' dir='ltr'>praecesserat,</span> <span class='ocrx_word' id='word_1_312' title='bbox 751 4239 893 4302; x_wconf 76' lang='lat' dir='ltr'>neema-it.</span> <span class='ocrx_word' id='word_1_313' title='bbox 935 4239 1114 4312; x_wconf 78' lang='lat' dir='ltr'>Preelio-ibi</span> <span class='ocrx_word' id='word_1_314' title='bbox 1127 4245 1287 4306; x_wconf 79' lang='lat' dir='ltr'>commisso</span> 
     </span>
     <span class='ocr_line' id='line_1_36' title="bbox 196 4335 1289 4426; baseline 0.013 -32"><span class='ocrx_word' id='word_1_315' title='bbox 196 4337 382 4398; x_wconf 77' lang='lat' dir='ltr'>Seiseddaula</span> <span class='ocrx_word' id='word_1_316' title='bbox 406 4335 551 4401; x_wconf 74' lang='lat' dir='ltr'>vincitur.</span> <span class='ocrx_word' id='word_1_317' title='bbox 598 4337 705 4398; x_wconf 86' lang='lat' dir='ltr'>Hostes</span> <span class='ocrx_word' id='word_1_318' title='bbox 729 4339 983 4403; x_wconf 84' lang='lat' dir='ltr'>Mubsmmedania</span> <span class='ocrx_word' id='word_1_319' title='bbox 1005 4347 1144 4425; x_wconf 84' lang='lat' dir='ltr'>praedam</span> <span class='ocrx_word' id='word_1_320' title='bbox 1166 4355 1289 4426; x_wconf 83' lang='lat' dir='ltr'>oaptam&#39;</span> 
     </span>
     <span class='ocr_line' id='line_1_37' title="bbox 197 4436 1286 4528; baseline 0.013 -33"><span class='ocrx_word' id='word_1_321' title='bbox 197 4437 353 4517; x_wconf 85' lang='lat' dir='ltr'>eripiunt,</span> <span class='ocrx_word' id='word_1_322' title='bbox 395 4438 535 4499; x_wconf 88' lang='lat' dir='ltr'>thesauro</span> <span class='ocrx_word' id='word_1_323' title='bbox 566 4436 845 4523; x_wconf 71' lang='lat' dir='ltr'>impedimentisque</span> <span class='ocrx_word' id='word_1_324' title='bbox 877 4445 1081 4506; x_wconf 81' lang='lat' dir='ltr'>Seiseddaulae</span> <span class='ocrx_word' id='word_1_325' title='bbox 1116 4446 1286 4528; x_wconf 80' lang='lat' dir='ltr'>potiuntur.</span> 
     </span>
     <span class='ocr_line' id='line_1_38' title="bbox 196 4535 1290 4623; baseline 0.013 -29"><span class='ocrx_word' id='word_1_326' title='bbox 196 4537 283 4602; x_wconf 79' lang='lat' dir='ltr'>Mulli</span> <span class='ocrx_word' id='word_1_327' title='bbox 299 4539 330 4596; x_wconf 88' lang='lat' dir='ltr'>in</span> <span class='ocrx_word' id='word_1_328' title='bbox 346 4537 407 4600; x_wconf 88' lang='lat' dir='ltr'>hoe</span> <span class='ocrx_word' id='word_1_329' title='bbox 421 4535 535 4620; x_wconf 87' lang='lat' dir='ltr'>praelio</span> <span class='ocrx_word' id='word_1_330' title='bbox 557 4539 651 4600; x_wconf 70' lang='lat' dir='ltr'>eitam</span> <span class='ocrx_word' id='word_1_331' title='bbox 664 4543 828 4623; x_wconf 50' lang='lat' dir='ltr'>‘amineum</span> <span class='ocrx_word' id='word_1_332' title='bbox 850 4555 881 4607; x_wconf 90' lang='lat' dir='ltr'>et</span> <span class='ocrx_word' id='word_1_333' title='bbox 894 4547 1125 4610; x_wconf 78' lang='lat' dir='ltr'>Abu-Feresne</span> <span class='ocrx_word' id='word_1_334' title='bbox 1145 4547 1290 4610; x_wconf 78' lang='lat' dir='ltr'>dllaaaet-</span> 
     </span>
     <span class='ocr_line' id='line_1_39' title="bbox 197 4625 1288 4726; baseline 0.015 -30"><span class='ocrx_word' id='word_1_335' title='bbox 197 4649 247 4697; x_wconf 86' lang='lat' dir='ltr'>aus</span> <span class='ocrx_word' id='word_1_336' title='bbox 263 4637 440 4701; x_wconf 80' lang='lat' dir='ltr'>ben-Saleid</span> <span class='ocrx_word' id='word_1_337' title='bbox 458 4639 680 4702; x_wconf 83' lang='lat' dir='ltr'>ben-llamden</span> <span class='ocrx_word' id='word_1_338' title='bbox 697 4625 837 4726; x_wconf 71' lang='lat' dir='ltr'>captiuus</span> <span class='ocrx_word' id='word_1_339' title='bbox 858 4645 972 4726; x_wconf 68' lang='lat' dir='ltr'>laum,</span> <span class='ocrx_word' id='word_1_340' title='bbox 993 4649 1030 4709; x_wconf 88' lang='lat' dir='ltr'>ab</span> <span class='ocrx_word' id='word_1_341' title='bbox 1052 4648 1189 4712; x_wconf 78' lang='lat' dir='ltr'>hostibus</span> <span class='ocrx_word' id='word_1_342' title='bbox 1209 4651 1288 4712; x_wconf 83' lang='lat' dir='ltr'>Gaa-</span> 
     </span>
    </p>
   </div>
   <div class='ocr_carea' id='block_1_3' title="bbox 0 0 1383 5272">
    <p class='ocr_par' dir='ltr' id='par_1_8' title="bbox 0 0 1383 5272">
     <span class='ocr_line' id='line_1_40' title="bbox 0 0 1383 5272; baseline 0 0"><span class='ocrx_word' id='word_1_343' title='bbox 0 0 1383 5272; x_wconf 95' lang='lat' dir='ltr'> </span> 
     </span>
    </p>
   </div>
  </div>
 </body>
</html>
