2746 5242
370 743 416 808 m
436 692 677 810 ramooosn
697 739 929 812 senenses,
1130 729 1206 807 ess

109 896 240 978 phorum
254 897 437 958 Theodosios
450 897 539 958 unedo
557 907 682 960 enarrat.
725 897 893 958 Verisimile
907 905 1071 975 esttamen,
1093 899 1126 960 id
1141 920 1205 960 non

110 1003 231 1060 prorsus
246 984 282 1042 ad
298 983 526 1072 assentationem
538 982 697 1064 Nicephori
711 1003 729 1042 a
741 991 829 1064 potita
843 982 932 1042 luisse
945 982 1097 1062 scripturn,
1113 1005 1205 1064 quum

109 1067 246 1126 Incertus
270 1069 469 1126 continuator
489 1066 679 1147 Theophanis
705 1069 739 1128 in
762 1067 887 1128 Romani
906 1067 1033 1126 lanieris
1048 1069 1108 1126 vita
1123 1091 1203 1130 num.

109 1151 161 1210 xl.
180 1173 248 1232 pag.
265 1157 336 1218 298.
359 1151 562 1232 Nicephorum
585 1153 621 1212 ab
634 1154 775 1231 Agerenis
797 1153 1023 1214 reformidatum
1042 1153 1153 1214 scribat
1167 1157 1204 1212 ob

109 1235 172 1295 'eius
185 1234 241 1338 τήν
256 1235 402 1319 ὄιέγερσιν
415 1236 467 1299 ael
480 1233 614 1313 σύνεσιν,
636 1237 687 1301 sel
702 1235 759 1318 τήν
774 1234 848 1320 πρός
863 1236 941 1300 Getis
956 1239 1071 1312 πίστιν,
1092 1235 1142 1300 καὶ
1156 1239 1204 1300 ds-

108 1341 292 1400 renoscens,
322 1323 446 1402 vigilem
465 1322 659 1402 solertemque
684 1327 838 1400 anienem,
857 1321 1014 1403 fidemque
1039 1325 1072 1380 in
1093 1325 1204 1398 Deum,

108 1416 138 1462 et
156 1409 320 1464 iustitiam.
372 1439 374 1446 ι
1100 1403 1106 1412 ⁴

195 1495 245 1556 62
269 1489 330 1552 Kal
341 1487 374 1553 σὲ
391 1487 564 1574 προβάλλει]
587 1491 681 1568 Rogat
699 1492 791 1552 Deum
808 1489 1002 1572 Nicephorns,
1022 1500 1057 1550 ut
1070 1490 1102 1550 in
1118 1491 1200 1551 obss.
1217 1489 1249 1542 P.
1265 1489 1317 1546 379

107 1573 211 1654 quium
236 1574 396 1635 Christiani
416 1577 524 1656 populi
549 1577 735 1636 Cretensium
757 1586 855 1636 turres
877 1587 909 1636 et
930 1573 1051 1635 'moenia
1076 1576 1204 1653 deliciet,
1223 1559 1308 1612 ⁰⁰¹4

107 1657 357 1738 quemadmodum
381 1683 437 1740 pro
458 1661 599 1722 Hebraeis
625 1662 659 1720 in
689 1662 906 1741 expugnatione
927 1661 1083 1744 Ierico'sd
1102 1681 1205 1741 preces

108 1743 196 1802 loeus
213 1745 293 1806 fecit.
337 1745 404 1808 vid.
417 1746 475 1806 Ios.
494 1767 560 1826 cap.
575 1765 624 1818 rr,
645 1765 703 1826 qua
728 1747 765 1806 ds
777 1767 811 1808 re
830 1755 861 1806 et
877 1747 947 1806 nux
963 1745 1113 1825 glosiosus
1128 1747 1204 1806 llees

107 1829 283 1910 appelletur.
1161 1823 1187 1884 's

193 1915 243 1980 64.
264 1908 385 1994 Adada]
405 1915 448 1974 lts
465 1915 584 1991 Codex,
604 1934 666 1976 nou
687 1907 801 1994 aderio,
821 1921 856 1973 nt
868 1913 900 1972 in
917 1913 1047 1975 editions
1064 1913 1205 1991 Cornelii,

106 1998 161 2078 qui
174 2007 273 2058 tamen
287 2000 332 2058 eic
345 2001 562 2060 emendandum
576 2019 637 2059 esse
652 2007 815 2058 notaverat.

190 2089 241 2149 67.
262 2087 370 2160 Δεῖξον
383 2084 497 2167 Πέτρος
509 2085 564 2164 τίς]
588 2085 687 2162 Pergit
706 2082 893 2164 Nicephorus
907 2083 1002 2142 Deum
1022 2082 1145 2162 precari,
1169 2092 1204 2142 ut
1319 2127 1321 2136 .

105 2167 239 2248 potentia
258 2189 312 2228 sua
332 2170 478 2246 ostendat,
501 2171 567 2249 quis
581 2169 620 2229 sit
635 2171 740 2230 Petrus
756 2169 925 2248 Apostolus,
942 2167 1127 2228 Christianae
1142 2167 1203 2226 Ec-

55 2321 57 2326 ,
107 2253 213 2312 clesiae
224 2253 302 2312 basis
317 2263 345 2312 et
357 2253 593 2330 fundamentum,
607 2253 711 2332 etquis
725 2254 835 2333 impius
844 2253 1000 2328 Moameth,
1013 2253 1202 2313 saracenicae

107 2336 329 2416 superstitionis
349 2347 471 2414 auctor,
492 2359 580 2416 quem
597 2337 671 2396 dicit
686 2339 824 2396 salsitatis
836 2339 1008 2404 cosrrictnm
1021 2337 1057 2395 ab
1071 2338 1135 2418 ipsa
1147 2357 1201 2396 sua

107 2421 288 2496 calliditate;
311 2439 379 2478 cum
396 2422 484 2496 enim,
499 2433 535 2480 ut
548 2420 767 2481 Hebraeos'eibi
781 2423 956 2479 conciliaret
968 2431 997 2479 et
1010 2423 1202 2498 Christianos,

105 2506 264 2582 utriusque
279 2505 376 2583 Legis,
396 2506 504 2564 veteris
518 2504 660 2566 nimirum
681 2524 716 2563 sc
729 2523 843 2579 novae,
858 2513 1012 2582 praecepte
1030 2506 1203 2565 immiscue-

104 2590 164 2665 rit,
185 2590 308 2648 asseclas
333 2609 403 2648 suos
423 2589 577 2668 utriusque
602 2589 685 2666 Legis
704 2597 934 2665 transgressores
951 2587 1059 2649 effecit.
1102 2591 1203 2666 ltaqna

104 2673 280 2754 permissam
299 2673 441 2732 Hebraeis
470 2675 670 2754 polygsmissn
692 2675 874 2742 concedens,
907 2671 1092 2730 Christianos
1111 2673 1149 2730 ad
1172 2693 1204 2732 se

106 2757 277 2818 deficientes
294 2759 366 2817 fecit
383 2758 593 2834 fornicatores,
615 2767 645 2817 et
662 2759 771 2818 docens
793 2777 863 2815 cum
880 2755 1054 2817 Christianis
1075 2758 1203 2816 vetitum

105 2863 169 2906 nou
196 2863 258 2902 esse
279 2843 415 2902 omnibus
432 2843 570 2903 carnibus
583 2842 677 2920 vesci,
699 2842 848 2901 Hebraeos
861 2859 1001 2920 sequaces
1015 2860 1083 2899 suos
1097 2841 1203 2900 docuit

105 2937 301 3009 praeceptum
315 2929 481 3005 transgredi
496 2928 538 2988 eis
561 2927 675 3004 datum,
694 2947 732 2986 ne
744 2925 922 2985 camelorum
941 2943 1030 2984 carne
1043 2943 1201 2984 vesceren-

106 3023 175 3088 tur,
201 3013 293 3074 Levit.
315 3033 379 3093 cap.
399 3013 531 3078 x1.r.4.
548 3013 666 3075 Denter.
685 3033 749 3092 cap.
770 3031 834 3071 nv.
850 3030 881 3075 v.
895 3015 926 3075 7.
962 3007 1078 3070 Videsis
1102 3007 1200 3070 erudi.

107 3108 174 3156 tum
187 3155 189 3161 ,
202 3107 352 3157 auctorem
373 3097 480 3177 Siphra
501 3099 534 3156 in
557 3097 720 3156 Leviticum
744 3115 808 3176 cap.
826 3115 872 3154 111.
892 3103 921 3153 et
936 3113 978 3153 ιν.
1000 3094 1032 3152 in
1060 3093 1201 3157 Thesaur.

109 3182 228 3260 Ugolini
251 3184 335 3242 Tem.
352 3183 431 3245 xlv.
445 3204 475 3263 p.
495 3188 586 3249 1000.
612 3183 719 3242 Narrat
741 3181 891 3240 Cedrenus
908 3177 1023 3238 Hister.
1040 3178 1202 3260 compend.

108 3287 174 3348 pag.
194 3269 273 3344 421,
297 3268 458 3343 Hebraeas,
481 3268 533 3348 qui
551 3268 710 3326 Massicum
733 3267 839 3348 Legem
864 3265 1029 3324 deserentes
1043 3263 1203 3323 Moamethi

108 3351 318 3428 adhaeserant,
340 3353 397 3412 rati
420 3373 487 3412 curn
510 3373 571 3412 esse
592 3352 744 3431 Messiam,
765 3359 922 3432 postquam
943 3350 1079 3409 carnibus
1098 3347 1204 3408 cameli

20 3493 30 3508 ,
105 3441 188 3499 vesci
200 3438 320 3497 solitum
335 3449 564 3516 conspexerunt,
589 3458 654 3498 eum
666 3458 728 3497 non
741 3457 801 3496 esse
814 3435 847 3494 id
863 3435 943 3514 quod
956 3435 1071 3513 opinati
1085 3436 1205 3495 haerent

69 3591 70 3594 Ἴ
107 3521 243 3592 sensisse.
285 3523 430 3582 Fortassis
443 3521 628 3580 Theodosius
645 3523 683 3581 ad
700 3521 778 3580 hanc
792 3521 887 3600 ipsam
905 3519 1012 3578 alludit
1024 3538 1097 3578 rem.

191 3611 242 3672 79·
270 3601 382 3685 Ῥόμης
401 3605 558 3684 ὑπῆρχον]
587 3607 673 3664 Crete
703 3607 835 3664 Romano
861 3602 989 3680 Imperio
1020 3601 1121 3680 paruit
1149 3619 1204 3660 us-

109 3711 168 3771 qne
185 3691 223 3750 sd
243 3689 417 3750 ltlicha'elem
439 3691 578 3760 Balbum,
599 3711 658 3768 quo
672 3689 838 3768 imperante
852 3707 868 3745 a
880 3685 1034 3778 Saracepis
1051 3694 1138 3764 cepta
1150 3693 1204 3754 est,

110 3775 295 3835 occasionem
311 3775 384 3856 ipsis
399 3775 583 3855 potissimum
594 3775 753 3854 praebente
765 3771 879 3831 Thema
892 3770 1029 3849 quodam,
1043 3769 1122 3848 quia
1137 3787 1205 3827 eeu-

111 3869 158 3920 cta
172 3859 409 3920 Christianorum
422 3859 481 3920 fids
495 3858 668 3934 desciscens,
690 3854 916 3917 Moamethicsm
927 3864 1036 3913 sectam
1048 3854 1204 3934 amplexus

109 3955 182 4004 erat.
222 3945 336 4005 Videsis
352 3941 515 4006 Cedrenum
527 3943 621 4005 fusius
639 3944 675 4003 de
690 3941 749 4002 hoc
763 3949 898 4021 agentem
911 3938 1025 4000 Hister.
1041 3937 1214 4019 Compend.

132 4029 261 4098 a.499.
284 4040 356 4089 etse
401 4075 408 4092 .
1171 4053 1178 4064 .

109 4051 130 4110 P
149 4051 167 4109 g
195 4119 246 4180 80.
268 4053 470 4196 nesciinus
490 4109 595 4194 denae]
617 4112 664 4173 Ob
678 4109 821 4171 desidiam
837 4119 917 4172 certe
932 4111 1115 4170 Graecorum
1130 4116 1205 4165 tem-

110 4199 164 4259 diu
183 4201 269 4259 Creta
291 4200 432 4278 subiuga
449 4203 662 4259 Saracenorum
676 4197 830 4274 ingemuit.
872 4195 980 4256 Classis
995 4194 1073 4254 enim
1091 4193 1205 4272 abipso

110 4283 255 4343 Michaele
273 4285 364 4358 Balbo
390 4305 425 4342 eo
440 4285 527 4344 misas
546 4286 628 4343 Duce
651 4285 772 4342 Cratero
791 4281 1039 4362 Cabyraectarum
1054 4278 1206 4358 praesecto

18 4373 22 4378 '
111 4369 185 4428 adeo
199 4369 326 4428 feliciter
338 4370 480 4428 barbaros
496 4369 586 4445 ludit,
602 4378 637 4428 ut
652 4369 769 4426 Cretam
783 4367 870 4427 facile
884 4372 1128 4447 recuperassent,
1149 4361 1208 4422 nisi

111 4454 238 4512 victoria
256 4455 326 4513 elati
348 4455 471 4530 milites,
499 4455 678 4514 adventante
690 4461 795 4531 nocte,
818 4449 1088 4533 compotationibus
1106 4468 1142 4507 ac
1161 4449 1209 4506 lu-

112 4539 209 4600 xuriis
230 4559 292 4598 sese
311 4539 541 4614 immersissent,
562 4557 600 4597 ex
615 4559 674 4617 quo
693 4540 805 4597 sactum
820 4548 880 4613 est,
901 4546 938 4596 ut
952 4557 1057 4596 somno
1078 4535 1211 4610 vinoque

114 4624 408 4706 oppressos,barbari
419 4624 519 4684 snbito
534 4623 632 4684 adorti
646 4645 696 4684 eos
706 4624 776 4700 sint,
786 4632 814 4682 et
824 4641 917 4700 nsque
928 4622 965 4680 ad
979 4621 1211 4682 internecionem

115 4711 245 4792 turpiter
263 4709 498 4791 profligaverint.
529 4709 659 4772 Consule
674 4710 840 4772 Cedrenum
850 4707 927 4784 Hist.
940 4707 1044 4789 Comp.
1059 4725 1124 4787 pag.
1139 4703 1211 4766 511.

1222 5125 1367 5228 Q
