2722 5272
202 399 279 474 eoo
402 349 636 476 nncnerrs
654 399 719 468 nx
736 396 905 468 fflsron
925 395 1108 466 muron

198 561 314 645 ernest,
334 561 437 646 copies
451 569 550 624 sutem
576 559 639 620 eius
667 559 787 640 fugatos
814 565 902 634 runt,
922 555 1025 616 multis
1050 575 1089 614 ex
1117 555 1297 619 entellitibns

203 667 406 732 Seifeddeulee
428 661 607 725 allomeris
627 661 731 743 captis.
778 659 892 721 Deinde
908 659 1073 739 Imperator
1090 657 1298 719 Romanorum

201 765 591 836 blaehrre-Aluohmeuem
610 763 734 824 edortus
752 770 813 839 est,
842 759 1013 843 oppidoque
1029 759 1161 841 potitus,
1191 761 1298 822 fenum

144 927 148 938 .
203 873 368 936 maximum
382 880 412 933 et
428 847 572 932 maiorem
590 864 795 927 aedificiorum
813 873 932 946 partem
949 863 1029 924 dinei
1043 862 1141 925 iussit.
1183 865 1297 926 Eodem

202 977 293 1040 modo
311 977 345 1038 iu
365 968 692 1037 nasim-nminem
710 965 876 1045 ereviebst,
901 965 982 1028 vitre
1001 975 1101 1026 nmen
1119 966 1296 1044 incolarum,

203 1099 333 1164 quorum
344 1077 423 1138 MCC
434 1083 534 1152 ment,
554 1069 700 1154 pepercit,
722 1088 830 1150 eosque
848 1069 881 1128 in
895 1069 1040 1130 ditionem
1060 1069 1223 1129 Romanam
1244 1091 1298 1129 cs-

202 1180 305 1264 ptivos
325 1177 515 1240 abducendos
535 1173 662 1236 curerit.
703 1173 780 1234 Tum
794 1191 947 1252 eggressus
971 1181 1018 1232 est
1036 1171 1242 1233 Caierthabem
1266 1181 1297 1234 et

203 1280 406 1364 Splseirsrsm,
434 1279 519 1340 cuius
537 1277 683 1359 templum
706 1275 886 1355 combussit,
914 1295 1012 1356 neque
1033 1275 1121 1337 aliter
1140 1275 1298 1340 Hametsm

203 1367 362 1461 tractavit,
390 1379 497 1442 Himre
516 1379 624 1442 deiude
644 1389 828 1462 expugnate,
857 1399 958 1440 omnes
978 1379 1031 1460 qui
1050 1399 1084 1439 eo
1100 1381 1297 1460 confugerant

204 1485 338 1567 captivos
359 1483 438 1546 iecit.
479 1483 557 1544 Tum
573 1483 702 1564 Ircutom
715 1483 917 1564 impugnavit,
939 1501 996 1562 que
1014 1481 1090 1542 urbe
1107 1491 1196 1563 cepta
1213 1484 1298 1544 inco-

203 1587 302 1668 lisque
312 1587 345 1647 in
357 1585 562 1666 captivitatem
575 1584 718 1661 redactis,
738 1585 778 1644 sd
790 1583 928 1664 Tripolin
943 1603 1035 1663 usque
1049 1603 1224 1664 progressus
1238 1595 1298 1659 est3

204 1689 258 1752 sad
269 1709 362 1770 quum
372 1687 509 1766 vidisset,
531 1686 672 1748 suburbio
687 1687 724 1746 eh
736 1686 843 1747 incolis
855 1685 916 1746 ism
929 1685 1021 1746 fuisse
1035 1685 1206 1764 combusta,
1228 1688 1300 1768 llje·

204 1791 302 1853 belam
320 1811 350 1850 se
371 1787 538 1865 convertit,
567 1807 626 1868 que
646 1787 779 1869 potitus,
805 1788 982 1868 Laodiceam
1006 1787 1102 1848 duxit.
1150 1789 1302 1852 Convenit

205 1911 276 1953 eum
300 1891 390 1950 Abu'l
403 1923 421 1936 -
433 1889 581 1949 Horainus
612 1887 1302 1969 Ati-Ben-lbrahim-Bes-lusut-Alfuzatz,

205 1992 330 2074 quicum
351 1991 521 2073 pactionem
540 1989 614 2052 fecit
633 1990 872 2068 reconditione,
899 1999 936 2051 ut
958 1991 1074 2051 obsides
1092 2011 1130 2052 ex
1146 1991 1221 2052 urbe
1242 1994 1301 2054 sibi

203 2093 415 2172 murentur,
443 2093 571 2154 reseruit
590 2103 689 2154 eutem
709 2093 780 2172 ille,
801 2092 989 2173 imperatoris
1007 2113 1039 2152 se
1061 2113 1124 2154 esee
1142 2103 1301 2174 cognatum

206 2205 238 2259 et
253 2217 347 2278 quum
361 2195 514 2256 Romanus
538 2195 665 2259 maiores
684 2195 748 2256 eins
765 2195 947 2275 agnovisset,
969 2195 1153 2276 Serdeghuns
1170 2191 1302 2281 (Strate-

122 2325 128 2334 ’
205 2295 290 2384 gum)
313 2319 380 2362 enm
401 2298 531 2376 creavit5
552 2297 611 2358 hec
625 2298 727 2380 itique
740 2298 856 2360 ratione
869 2299 1036 2360 incolumen
1051 2309 1211 2359 evaserunt
1223 2301 1301 2360 Leo·

137 2415 138 2420 ’
206 2403 307 2464 dicere
323 2402 447 2463 incolae.
488 2400 563 2465 Inde
578 2399 771 2462 Antiochiam
790 2401 903 2462 ducens
921 2401 954 2460 in
971 2409 1117 2482 potestate
1135 2421 1191 2461 sus
1204 2405 1303 2464 tenuit

169 2553 170 2556 ,
207 2509 343 2580 1oo,000
363 2503 568 2586 captivorum,
591 2523 765 2584 puerorum,
783 2503 962 2584 puellarum,
984 2502 1206 2584 iuvenumque3
1233 2525 1302 2564 nom

205 2605 262 2666 hoe
277 2607 358 2667 solos
379 2606 511 2686 captivos
532 2605 662 2682 feceret,
684 2604 758 2666 viris
774 2613 805 2664 et
817 2605 955 2665 foeminis
969 2605 1170 2686 provectioris
1188 2607 1300 2683 astutis,

206 2715 295 2784 etque
311 2705 429 2768 senibus
443 2715 495 2768 eut
506 2705 671 2766 interfectis
683 2715 736 2766 aut
750 2705 890 2768 dimissis.
933 2707 1052 2768 Dicitur
1066 2708 1190 2774 omnino
1200 2709 1232 2769 in
1246 2707 1302 2768 boc

206 2807 398 2888 expeditione
421 2811 461 2874 18
483 2806 624 2886 suggestis
641 2802 674 2886 *)
702 2807 817 2888 potitus
837 2827 917 2886 eese;
948 2809 1084 2870 vicorum
1102 2820 1204 2871 eutem
1226 2832 1302 2893 quos

104 2935 109 2946 ··
206 2907 334 2991 diripuit
346 2919 376 2968 et
390 2907 568 2985 combussit,
589 2927 731 2970 numerus
746 2907 865 2971 definiri
876 2912 989 2992 nequit.

290 3010 402 3088 Castris
426 3017 496 3070 ente
511 3007 702 3070 Antiochiam
719 3009 841 3091 positis,
861 3033 957 3095 neque
972 3035 1042 3078 cum
1057 3015 1166 3079 incolis
1180 3037 1303 3078 menum

140 3135 144 3148 ·
203 3111 375 3198 penseruit,
396 3131 492 3190 neque
511 3109 633 3172 omniuo
654 3113 783 3192 legatum
800 3113 840 3174 ad
859 3135 910 3177 cos
924 3118 1019 3196 misit,
1040 3119 1094 3180 sed
1115 3121 1304 3181 castellume

171 3287 172 3290 Ἴ
205 3216 326 3296 regione
333 3211 511 3276 Antioohiae
524 3214 687 3293 exsnuxit,
698 3217 788 3298 eique
798 3219 971 3300 praeposuit
977 3219 1151 3282 Michatlem
1163 3221 1304 3299 Albordji

206 3315 405 3402 (Burtzam),
435 3316 522 3380 cuius
545 3316 627 3378 dicto
654 3317 809 3380 audientes
829 3339 895 3381 esse
913 3321 986 3382 iussi
1008 3335 1079 3386 sunt
1098 3324 1191 3386 duces
1214 3325 1305 3385 limi-

206 3421 296 3485 tanei.
346 3423 448 3496 Quum
469 3439 574 3485 rumor
595 3420 675 3481 inter
697 3419 834 3482 hominen
862 3419 1096 3507 percrebuisset,
1124 3427 1158 3488 id
1186 3427 1306 3492 consilii

205 3523 341 3584 Romeno
362 3543 442 3600 esse,
463 3531 499 3582 ut
520 3531 616 3582 totam
638 3521 766 3601 hiemem
786 3524 976 3586 Antiochiam
997 3528 1154 3591 obsidione
1172 3530 1306 3590 cinctem

206 3632 337 3701 teneret,
358 3621 491 3704 nli‘esque
504 3623 637 3685 mitteret
651 3626 752 3706 copies
764 3625 910 3688 Helebum
923 3639 1128 3714 oppugnatum
1136 3677 1146 3709 ,
1165 3632 1307 3712 Karghu·

205 3723 258 3804 jah
278 3723 521 3786 Saehdeddeules
533 3721 585 3806 **)
605 3729 766 3808 persuasit,
787 3739 823 3790 ut
837 3728 985 3790 Helebum
998 3729 1198 3812 relinqueret,
1218 3755 1258 3795 ne
1272 3735 1307 3794 iu

71 3889 79 3904 ¹
206 3825 282 3886 urbe
304 3825 499 3888 obsideretur.
549 3828 561 3904 (
568 3829 676 3894 Narrat
698 3831 807 3893 deinde
828 3841 949 3908 auctor,
979 3831 1222 3916 Knrghujshnm,
1252 3835 1307 3917 qui

206 3927 366 4008 Hudjihus,
388 3926 409 3989 i.
428 3949 455 3992 e.
475 3950 574 3990 comes
593 3933 700 4012 palatii
720 3933 967 3996 Seehdaddaulae
986 3945 1066 4014 eret,
1088 3956 1235 3998 summam
1253 3957 1308 3998 re-

206 4049 274 4088 rum
288 4030 500 4093 Holebensium
521 4031 579 4094 sibi
601 4055 772 4116 arrogasse,
795 4036 954 4118 urbemque
971 4037 1133 4114 Holebum,
1155 4061 1225 4101 erce
1249 4061 1308 4100 ex-

150 4129 153 4136 '
207 4137 329 4208 structo,
354 4133 509 4214 murisque
524 4137 663 4212 relectis,
689 4137 862 4215 munivisse,
885 4139 968 4200 socio
982 4139 1067 4220 regui
1079 4141 1159 4202 facto
1171 4141 1308 4221 Bncdju·

207 4250 259 4308 ro,
283 4235 332 4294 cui
355 4255 463 4299 nomen
486 4236 581 4298 Emiri
602 4240 732 4302 inditum
756 4241 811 4316 sit3
842 4241 1052 4326 imperatorem
1073 4251 1173 4306 eutem
1194 4244 1310 4306 lictus-

240 4381 490 4519 2)1Εξῂοιιιέὲῑίὲιᾶ,ᾶ
496 4386 543 4443 ubi
557 4388 662 4444 condite
673 4391 861 4476 mepttemple.
881 4394 912 4452 11,
945 4461 952 4478 ι

251 4519 252 4526 ¹
492 4459 582 4525 sulse,
599 4459 632 4514 de
649 4477 700 4530 quo
714 4465 793 4542 egere
812 4463 1017 4542 yerbsfeormnu
1034 4463 1067 4517 h.
