3064 4842
1156 107 1204 182 ,s

520 297 754 382 nlsnonna
773 311 827 376 111.
856 319 886 382 4.
996 303 1001 317 ·
1168 259 1261 398 ’,4ο

176 469 246 534 διδν
259 467 294 536 oei
306 469 495 556 πρόπολλῶν
508 483 569 546 τῶν
582 472 703 563 χρόνων
716 473 793 559 πρός
807 472 991 555 αάτανεψιοῦ
1001 476 1095 545 αύτού
1102 474 1261 567 (Πλεύσης
1270 493 1298 548 λ.
1310 497 1338 546 c.
1350 495 1406 549 963

173 572 212 636 τό
231 570 384 658 μειράκιον
405 577 594 663 ὠνομάζετο)
613 583 711 665 κοντῷ
733 576 790 659 τῆν
812 577 984 662 βλιφαρίδα
1003 580 1215 666 τιτρώσκεται·
1243 567 1296 651 ὃῙ·
1308 560 1407 618 ΜΛ

176 675 210 738 δέ
223 672 382 760 Πλεύσης,
410 682 513 756 δείσας
537 683 585 745 ἐπὶ
600 685 643 768 τῷ
659 676 831 766 τραύματι,
860 677 914 743 τόν
928 679 1036 744 κοντόν
1052 683 1187 769 διαφίησι
1204 693 1293 771 τῆςβ

172 773 291 861 χειρός·
318 786 374 844 τοῦ
398 783 431 846 δέ
448 789 648 869 σαυρωτῆρος
666 789 710 869 τῷ
724 780 805 848 ούδει
820 781 1042 866 ἐνερεισθέντος
1058 789 1196 870 σφοδράν
1211 815 1262 874 γε-

144 879 283 944 5νέσθαι
297 883 471 966 συμβέβηκε
483 884 541 968 τὴν
556 885 733 971 ἀντέρεισιν,
761 880 803 959 ὥς
817 883 874 967 τὴν
890 883 1002 967 αίχμῆν
1017 884 1052 949 τό
1069 890 1192 973 κρανίον
1207 889 1260 955 ἀν-

172 967 381 1069 τιτορήσασαν
395 989 556 1073 διαμπερές
570 991 710 1068 διελθεῖν,
733 989 782 1051 καί
797 985 945 1071 αάθωρόν
962 985 1097 1054 ἄναυδον
1106 989 1161 1054 τόν
1174 989 1262 1077 Βάρ-

173 1086 233 1148 δαν
248 1092 305 1150 τοῦ
314 1087 411 1152 ἰ’ππον
427 1101 611 1156 καταπεσεῖν.
648 1087 793 1173 τοιαύτην
807 1085 824 1153 ό
838 1086 1018 1175 Νικηφόρος
1032 1088 1264 1178 προτεινόμενος

171 1184 331 1272 πρόφασιν
345 1203 506 1276 παρῃτεῖτο
521 1193 577 1276 τῆν
590 1191 701 1278 ἀρχὴν,
731 1186 782 1256 καί
798 1188 924 1277 Ἰωάννῃ
938 1197 982 1280 τῷ
999 1195 1149 1281 Ίζιμισκῇ
1167 1221 1262 1282 παρε·

167 1285 265 1374 χιόρει
280 1297 337 1373 τῆς
356 1291 499 1378 τοιαύτης
521 1297 660 1380 ἐπιβῆναι
681 1301 790 1378 τιμῆς,
818 1295 868 1357 καί
882 1299 945 1359 τῶν
958 1291 1119 1382 σκήπτρων
1135 1297 1263 1376 ἀνθέξε-

125 1401 165 1454 10
172 1397 264 1457 σθαι.
292 1392 482 1480 οάκῆνεῆηετο
493 1399 527 1464 δὲ
540 1405 603 1464 τῶν
614 1394 763 1464 τοιούτων
776 1393 875 1481 λόγων
890 1393 961 1460 ούτε
969 1421 1015 1472 τις
1023 1405 1085 1464 τῶν
1097 1406 1153 1464 τοῦ
1167 1423 1268 1490 στρα-

167 1497 248 1572 τού,
278 1493 346 1560 οάτε
358 1497 421 1581 μὴν
436 1500 529 1578 αάτδς
544 1498 731 1602 δ’ίωρίννης·
759 1497 823 1564 ἀλλ’
841 1495 1045 1582 ἀμοθνμαδάν
1067 1500 1162 1568 α’ἀτάν
1177 1503 1263 1570 inav-
1376 1582 1382 1593 Ι

168 1592 305 1683 φῆμονν,
334 1597 500 1686 σεβάσμιόν
515 1629 548 1670 τε
564 1607 614 1669 καί
623 1603 753 1687 βασιλέα
763 1599 920 1685 Ῥωμαίων
933 1602 1216 1690 προσαγορεύοντες.
1246 1602 1264 1671 ὃ

169 1699 206 1764 δέ
226 1701 422 1785 καταδέχεται
438 1705 495 1790 τὴν
510 1706 616 1792 ἀρχὴν,
645 1709 695 1771 καί
711 1705 747 1772 τό
763 1704 899 1792 ἐρυθρόν
913 1705 1045 1786 πέδιλον,
1064 1704 1081 1772 ἀ
1096 1713 1153 1792 τῆς
1166 1699 1290 1790 βασι-δ

169 1801 252 1877 λείας
271 1802 458 1890 παράσημον
470 1807 613 1894 μέγιστον
626 1810 756 1896 πέφνκεν
763 1857 774 1888 ,
796 1803 971 1888 ύποδύεται,
986 1809 1082 1895 μικροὶ
1096 1812 1265 1897 φροντίσας

128 1908 234 1968 struis
249 1908 504 1992 φρικωδεστάτων
518 1909 628 1997 ὅρκων,
646 1910 700 1988 οὓς
714 1909 792 1998 πρός
809 1935 840 1976 τε
856 1910 909 1976 τόν
922 1909 1112 1999 πατριάρχην
1120 1911 1263 1978 Πολύευ-

171 2031 244 2070 κτον
252 2010 400 2076 κατέθετο
418 2017 468 2078 καί
483 2014 539 2096 τῆν
554 2011 731 2098 σύγκλητον.
757 2011 865 2099 τὸγὰρ
879 2012 1083 2098 ἀστάθμητον
1097 2023 1153 2099 τῆς
1167 2013 1262 2100 τύχης

171 2111 222 2172 καί
237 2109 353 2195 ἀδηλον
360 2160 371 2193 ,
400 2117 450 2178 καί
466 2115 503 2179 τδ
516 2121 572 2180 τοῦ
582 2115 697 2202 Ἰωσὴφ
713 2115 857 2196 δυσμενές
868 2139 900 2178 τε
914 2119 964 2179 καί
981 2115 1135 2182 ἀσπονδον
1148 2115 1263 2184 ἀπολο-

171 2208 335 2295 γιζόμενος,
351 2215 489 2300 ῆπείηετο
502 2214 698 2304 προτερήσειν
707 2216 763 2300 τῆν
775 2224 830 2280 τοῦ
847 2213 960 2300 ἀνδρὸς
973 2216 1167 2299 κακοήθειαν,
1180 2221 1264 2306 ἓντῷ

150 2359 152 2364 -
169 2313 211 2378 τά
225 2316 290 2380 κατ’
308 2315 404 2382 αύτόν
417 2312 583 2413 &inim
591 2368 601 2400 ,
630 2321 681 2384 καί
697 2316 740 2394 ὦς
754 2313 819 2383 οἷόν
833 2341 865 2382 τε
882 2317 1126 2404 ἀσφαλίσασθαι.
1155 2325 1199 2408 τῷ
1217 2343 1266 2385 τοι

127 2423 164 2478 90
173 2419 223 2480 καί
238 2415 364 2505 δεύτερα
378 2420 418 2486 τά
435 2420 606 2511 φθάσαντα
620 2429 676 2505 τῆς
690 2419 801 2486 ἓαοτοῦ
820 2423 974 2506 σωτηρίας
987 2417 1162 2506 ἡγούμενος,
1181 2422 1264 2509 παρά

171 2525 293 2606 φαῦλον
305 2522 362 2605 τῆν
376 2519 570 2608 ὅρκωμοσίαν
586 2527 739 2607 ortano.-
750 2529 861 2588 τούτον
877 2522 916 2607 δῆ
933 2524 988 2590 τόν
1004 2520 1119 2611 τρόπον
1133 2531 1188 2608 τῆς
1202 2531 1263 2608 βα-

171 2625 286 2700 σιλείας
301 2623 397 2710 ἀρχὴν
414 2623 430 2692 ὁ
447 2623 628 2715 Νικηφόρος
642 2625 879 2710 ἀναδεξόμενος,
896 2632 952 2710 τῆς
968 2634 1081 2710 σκηνῆς
1095 2634 1261 2714 προῆλθεν,

171 2723 318 2810 ἀκινάκην
339 2730 534 2813 διεζωσμένος
555 2733 606 2796 καί
621 2727 729 2817 δόρατι
744 2725 997 2816 σκηριπτόμενος·
1024 2733 1057 2807 έξ
1071 2728 1210 2797 ἀπόπτου
1229 2755 1262 2798 τε
1278 2747 1309 2803 Ρ.
1325 2747 1361 2806 26

173 2831 229 2893 καί
240 2833 322 2906 τιιίος
337 2823 491 2918 περιωπῆς
504 2833 583 2898 κατὰ
597 2833 632 2900 τά
643 2832 800 2921 ὕπαιθρον
814 2831 903 2914 στάς,
932 2830 1009 2910 ἔλεξε
1023 2829 1143 2910 τσάδε·

240 2959 284 3014 21.
304 2959 363 3028 τῆς.
398 2961 472 3015 Fore
491 2960 544 3031 τὴν
560 2963 618 3032 τῆς.

171 3064 262 3114 antea
281 3063 398 3131 patruele
417 3061 498 3133 ipsine
519 3064 639 3132 (Pleueea
658 3063 681 3116 ie
701 3061 905 3116 adolescentulus
924 3060 1112 3130 nominabatur)
1131 3063 1220 3116 lancea
1237 3061 1264 3116 in

215 3131 319 3200 pebram
335 3131 402 3184 totus
423 3139 480 3196 ωας
503 3149 554 3203 qno
570 3133 676 3186 vulnere
693 3132 858 3201 perturbatus
877 3129 982 3184 Pleueea
1005 3130 1119 3185 lanceam
1138 3131 1172 3184 de
1190 3149 1264 3186 manu

189 3197 284 3251 imisit:
301 3217 390 3254 veroin
405 3201 513 3266 accidit,
531 3207 560 3254 ut
572 3201 657 3254 hastili
675 3200 702 3252 in
715 3207 811 3252 terram
825 3199 936 3270 impacto
949 3200 1110 3269 repercussio
1121 3199 1197 3253 fieret
1211 3207 1271 3257 uer

172 3267 322 3332 venemens,
340 3276 370 3322 ut
389 3270 475 3340 cuspis
493 3270 586 3322 odaota
598 3269 734 3322 calvariam
746 3268 847 3337 penitus
860 3268 1019 3337 perforaret,
1036 3267 1189 3337 Bestiaeque
1204 3286 1265 3321 eve-

172 3335 252 3404 stigio
269 3337 324 3390 aista
337 3355 401 3391 νοτε
415 3356 447 3391 ex
462 3355 527 3409 equo
543 3338 655 3391 caderet.
683 3336 834 3408 Huiunnodi
848 3335 1036 3393 excusationem
1049 3335 1210 3406 Nicephorue
1224 3337 1265 3389 af-

143 3451 147 3462 .
172 3407 259 3458 terens
278 3408 415 3472 recusabat
434 3407 581 3476 imperium,
598 3405 805 3475 comedebatque
825 3404 914 3456 Ioanrri
929 3398 1088 3468 Temnon,
1104 3413 1133 3456 ut
1152 3407 1185 3458 ed
1200 3406 1265 3457 hano

173 3473 324 3540 dignitatern
339 3483 444 3528 avectus
464 3483 569 3560 sceptra
586 3475 740 3529 vindicaret.
783 3473 934 3541 Quanquam
950 3472 1072 3526 eiusmodi
1090 3491 1169 3527 voees
1184 3492 1266 3544 nequa

174 3543 341 3595 exereretur
360 3544 458 3598 omnino
473 3561 530 3613 quis
549 3561 604 3598 uem
622 3543 759 3607 sustinuit,
778 3559 861 3612 neque
879 3541 935 3610 ipse
954 3542 1073 3594 Ioannes:
1096 3543 1142 3596 aed
1162 3543 1266 3614 conspi-

173 3609 290 3664 rantibus
306 3611 413 3676 mun,
430 3563 572 3666 faustaiii
592 3613 747 3675 minantes,
765 3615 906 3680 Angustum
923 3611 1154 3682 Inperewranque
1171 3613 1264 3664 Rorna-

173 3695 262 3732 norum
280 3697 338 3732 eun
354 3681 576 3737 renunciaverint.
610 3681 678 3734 'l'run
691 3698 754 3734 vero
770 3679 872 3748 accepit
889 3679 1036 3764 imperinm,
1052 3681 1194 3751 rubeosque
1213 3681 1265 3733 oal-

174 3765 250 3812 eeoa‚
267 3749 311 3818 qui
323 3765 414 3803 sacrae
425 3749 560 3818 dignitatis
572 3750 705 3803 marimum
717 3749 817 3820 iriaigne
829 3755 903 3812 eunt,
925 3748 1022 3812 induit,
1040 3749 1115 3820 parvi
1130 3749 1266 3802 aestirmns

175 3815 245 3869 diros
260 3817 411 3886 religiones,
429 3820 522 3890 quibua
539 3819 680 3888 Polyeuoto
697 3817 858 3888 patriarchae
876 3833 907 3870 ao
923 3817 1023 3870 τοιικίπλ
1037 3835 1066 3872 ae
1086 3817 1266 3871 obstrinxerat.

174 3884 280 4006 fflpe
293 3887 486 3941 irntabilitatem
498 3887 662 3958 incertosque
676 3893 784 3938 eventus
790 3887 908 3939 fortunae
915 3903 966 3940 non
981 3886 1061 3940 minua
1077 3903 1151 3970 qoem
1164 3885 1266 3954 losephi

188 3953 196 3966 '
248 3959 327 4008 tatem
342 3955 526 4026 perfidiamque
540 3955 832 4026 reputana,·suatnravit
847 3955 886 4007 sio
899 3955 1052 4026 praevenire
1068 3971 1122 4007 erus
1136 3953 1268 4016 malitiam,

174 4027 204 4075 nt
216 4039 276 4076 eoas
288 4041 331 4076 ree
345 4039 420 4094 quarn
431 4026 527 4094 optime
542 4025 726 4087 constitueret,
744 4041 791 4094 pro
809 4023 958 4095 viribusque
972 4024 1095 4078 firmaret.
1130 4022 1172 4075 lta
1185 4027 1211 4073 et
1222 4037 1270 4073 au*

169 4097 260 4146 teeota
277 4093 423 4161 posteriora
434 4095 517 4146 sainte
535 4111 581 4146 sua
593 4093 683 4156 duxit,
700 4101 728 4146 et
742 4091 906 4146 iurisiurandi
918 4093 1043 4146 rationem
1063 4090 1152 4144 habuit
1165 4089 1267 4143 nnllam.

174 4159 204 4212 in
222 4160 287 4212 hune
305 4161 406 4214 modum
422 4169 543 4232 suseepto
561 4163 669 4231 inperio
681 4162 861 4231 Nicephornn,
878 4161 1022 4214 mooinaue
1036 4159 1165 4230 pugione,
1182 4157 1269 4212 hastili

173 4227 410 4354 &stupeam
422 4231 632 4355 opiam&
650 4245 758 4356 oonrpp:
768 4230 825 4286 λοοο
839 4229 979 4304 oouepiouo
988 4237 1067 4300 atque
1077 4228 1210 4299 praecelso
1221 4229 1269 4281 nub

413 4337 422 4365 ,
540 4317 563 4354 n
644 4317 692 4356 axo
757 4318 766 4353 ε
