2746 5242
306 739 307 746 ‘
361 757 406 827 us
426 756 668 826 ruuouosu
685 755 918 830 scuossus.
942 701 967 780 ss
1109 749 1188 828 w655

94 921 137 1006 *ti
156 921 254 1004 πλοκῇ
267 919 329 982 τοῖν
350 911 534 1000 coryphae.
556 913 699 978 orationis
724 915 889 978 subiectum
910 925 957 978 est
972 913 1006 981 ol
1020 923 1115 998 cased
1153 947 1189 988 o·-

93 1000 237 1086 arpo'pos,
258 1005 309 1083 qui
335 1001 502 1064 machinam
520 1001 659 1064 bellicam
677 1011 835 1080 torquant,
855 1002 1008 1082 molesque
1021 1007 1047 1064 ei
1060 1005 1122 1085 imp
1143 1011 1188 1068 si-

91 1097 138 1150 tas
156 1109 212 1170 ope
227 1089 344 1150 suniam
359 1088 539 1148 irretiantur.
581 1087 658 1148 hisle
670 1087 772 1166 itaqua
792 1088 933 1146 vertitur:
956 1109 1051 1168 quare
1068 1090 1103 1146 lu'
1116 1112 1188 1152 ean·
1213 1119 1217 1126 ¹

91 1177 173 1233 vasi
193 1172 239 1232 ad
256 1195 326 1232 eum
348 1171 532 1232 arctandum
551 1171 705 1247 vinculis3
727 1172 810 1252 quasi
830 1171 867 1232 de
880 1172 962 1232 asino
974 1173 1096 1234 funibus
1112 1195 1187 1234 cou-

90 1259 199 1320 stricto
219 1267 335 1336 agatur3
358 1257 518 1338 quamsit:
538 1257 585 1318 illi
600 1267 699 1318 autem
712 1256 849 1319 conversi
864 1257 902 1318 ad
917 1266 1013 1318 tortos
1027 1258 1188 1320 machina-

90 1363 160 1406 rum
178 1346 274 1410 une..
289 1344 322 1406 r.
333 1343 370 1423 r]

176 1454 249 1516 182·
272 1442 481 1528 Xelatttlotove]
501 1447 624 1508 Asinum
638 1447 820 1532 teetudineoa
827 1447 921 1529 pedes
931 1449 1088 1510 habentem
1103 1450 1188 1531 dicit,
1215 1513 1217 1518 ,

90 1533 131 1594 ob
143 1534 205 1594 eius
221 1536 373 1616 segnitiem
394 1544 423 1594 et
438 1533 617 1594 tarditatem.
682 1545 685 1558 ⁴
1076 1579 1079 1584 Ι

177 1639 247 1705 184.
270 1637 391 1723 Ξέρξης]
415 1639 507 1716 Vide,
528 1660 602 1719 quse
623 1639 661 1702 de
684 1639 744 1701 hoc
757 1641 869 1702 Xerxis
890 1643 969 1704 iacto
982 1641 1119 1724 superius
1132 1640 1189 1703 ad-

90 1722 261 1784 notavimus
278 1729 398 1786 heroas.
420 1725 458 1787 ll.
482 1743 512 1786 v.
533 1731 604 1792 266.

177 1828 256 1902 [lid.
278 1831 354 1912 nte]
377 1829 588 1911 Corrigeuiou.

176 1940 247 2003 19³.
268 1931 438 2012 Ἅφᾶντων]
460 1940 622 1998 Saracenos
646 1938 723 1999 same
744 1939 911 2000 laborantes
932 1938 1049 2000 asinum
1068 1959 1107 1999 ex
1128 1938 1190 1998 im-

88 2019 203 2102 perviis
224 2023 409 2102 occultisque
434 2023 508 2082 locis
530 2025 563 2084 in
576 2024 675 2084 eibum
690 2025 838 2106 accepisse
849 2023 958 2104 inquit,
970 2023 1121 2104 quoniam
1138 2043 1191 2106 psr
1276 2047 1278 2052 ·

90 2111 205 2184 stiram,
230 2107 356 2187 ideoque
376 2127 431 2187 per
442 2108 505 2168 viss
522 2109 652 2170 sibinen
668 2113 806 2192 proprias
823 2110 866 2170 ais
878 2109 1028 2170 immissus
1043 2111 1148 2170 fuerat.

177 2215 248 2282 195.
270 2206 402 2291 Asianeis]
424 2213 474 2272 sic
498 2214 574 2275 bene
590 2215 798 2296 corrigendum
813 2217 993 2278 coniectavit
1006 2218 1169 2280 Cornelius.

175 2323 248 2384 207.
276 2319 427 2392 Φίλιππος
454 2317 585 2402 duplo]
619 2321 774 2402 Philippus
794 2324 929 2404 primus,
957 2323 1028 2404 quia
1054 2323 1104 2384 alii
1122 2334 1191 2406 post

90 2423 158 2463 eum
181 2403 314 2462 eiusdem
335 2403 468 2462 nominis
485 2425 569 2482 reges
595 2405 819 2466 Macedonicum
840 2408 1001 2487 imperium
1024 2410 1190 2471 obtinuere.

88 2488 166 2548 Eum
178 2488 270 2548 totius
286 2488 427 2546 Graeciae
443 2488 610 2547 dominatui
625 2490 775 2548 ambitiose
789 2489 964 2568 inhiantem,
986 2499 1016 2549 et
1030 2493 1190 2552 Athenien·

89 2592 137 2632 ses
160 2573 335 2652 praecipue,
357 2591 484 2650 quorum
506 2573 585 2634 vires
602 2574 694 2652 magis
716 2574 943 2652 extimescebat,
964 2575 1019 2634 sibi
1043 2577 1189 2637 subiicere

90 2657 291 2732 adnitentem,
312 2656 524 2716 Demosthenes
542 2657 798 2719 vehementissime
815 2659 976 2719 insectatus
991 2669 1052 2736 est,
1076 2671 1190 2740 septem

87 2741 158 2800 illas
181 2740 385 2802 celeberrimas
407 2741 555 2803 orationes
579 2753 683 2804 contra
713 2764 782 2803 eum
800 2744 950 2821 recitans,
981 2763 1107 2824 quarum
1126 2755 1188 2806 trae

89 2825 297 2907 Olynthiacae,
318 2835 450 2910 quatuor¹
459 2825 645 2910 Philippicae
656 2838 881 2910 nuncupantur.

173 2937 245 3001 208.
269 2932 381 3008 Φανεὶς
397 2927 581 3015 ἅριστδπαις]
605 2935 700 2995 Acuta
714 2933 897 2994 Theodosius
910 2933 1007 2994 utitur
1020 2935 1113 2996 verbo
1130 2958 1190 3014 pu·
1235 2973 1237 2980 .

88 3015 169 3095 vele,
190 3018 259 3098 quia
282 3019 360 3078 fama
378 3019 437 3080 fuit
454 3019 660 3101 Olympiadem
678 3041 741 3080 uon
755 3041 794 3080 ex
807 3019 934 3096 marito,
955 3019 1008 3078 sed
1025 3040 1063 3080 ax
1079 3019 1190 3082 Necta-

88 3104 177 3182 nsbo,
198 3113 287 3184 atque
300 3104 373 3164 adeo
390 3125 429 3166 ex
446 3105 518 3168 Jove
532 3105 589 3165 suh
604 3105 742 3166 draconis
755 3105 850 3186 figura
865 3104 1068 3166 Alexandnnn
1084 3105 1123 3170 Μ.
1137 3125 1190 3183 ge-

87 3189 199 3252 nuisse.
242 3190 384 3270 Namque
402 3202 500 3250 mater
521 3194 588 3250 eius
608 3192 782 3271 Olympias,
796 3190 899 3272 inquit
918 3190 1049 3251 Iustinus
1061 3191 1112 3256 lib.
1132 3187 1303 3256 Χ1.Ῑ’·338

90 3294 156 3356 cap.
176 3280 232 3354 11,
253 3278 390 3352 consessu
415 3280 480 3337 uiro
502 3299 557 3336 auo
574 3275 718 3358 Philippo
735 3279 863 3356 suerat,
893 3275 1106 3338 Alexandrum
1127 3299 1187 3338 non
1203 3255 1291 3312 c⁰l²

88 3380 125 3418 ex
147 3381 180 3416 eo
201 3381 233 3418 se
253 3359 308 3418 sed
316 3382 350 3420 ex
365 3373 496 3442 serpente
515 3366 647 3443 urgentis
664 3361 889 3444 magnitudinis
903 3367 1078 3443 concepisse.
1122 3367 1190 3424 De·

88 3447 183 3523 nique
202 3445 382 3524 Philippum
403 3449 510 3505 ultimo
519 3469 616 3528 prope
631 3453 713 3510 ritae
735 3470 810 3507 auae
833 3461 961 3528 tempore
974 3451 1084 3527 filium
1100 3469 1194 3508 suum

88 3551 151 3590 nan
170 3552 231 3588 esse
246 3531 357 3608 palam
367 3529 609 3609 praedicaverat.
655 3535 724 3610 Qua
738 3555 772 3592 ex
785 3555 880 3592 causa
897 3531 1116 3611 Olympiadem,
1139 3555 1191 3592 ue-

90 3615 140 3672 lut
164 3617 264 3694 stupri
288 3617 485 3692 compertam,
506 3615 633 3694 repudio
650 3617 818 3677 dimiserat.
863 3619 928 3690 Qua
942 3618 978 3673 de
991 3637 1023 3674 ra
1042 3616 1116 3674 hena
1135 3617 1192 3676 ad-

89 3707 177 3760 notat
197 3699 416 3760 Freinshemius
429 3699 463 3758 in
477 3701 697 3780 Supplementis
710 3700 748 3758 ad
764 3701 800 3774 Q.
816 3699 953 3760 Curtium
974 3699 1025 3758 lib.
1039 3699 1061 3759 Ι.
1079 3719 1143 3779 esp.
1161 3706 1191 3766 1.

89 3804 174 3846 num.
199 3786 255 3851 15:
280 3786 342 3844 Nee
367 3783 491 3861 desunt,
520 3787 575 3865 qui
587 3785 774 3862 seebulosum
795 3783 831 3842 id
852 3782 990 3864 quidem,
1011 3795 1192 3844 nontamen

89 3867 280 3928 adulterium
307 3873 418 3928 matris
434 3871 521 3948 salso
537 3873 689 3929 iactatum
705 3868 858 3930 ael-serant.

155 3969 247 4042 209.
272 3970 418 4058 Κάρβων]
442 3978 494 4036 Cn.
517 3978 627 4054 Carbo,
652 3977 738 4038 cuius
754 3977 883 4058 plurima
904 3975 1007 4036 suitiu
1024 3975 1192 4056 Republica

91 4059 275 4138 auctoritas,
296 4071 396 4140 partes
411 4062 557 4122 Marianus
577 4072 728 4142 sequutae.
770 4063 798 4122 la
811 4061 843 4121 in
854 4061 943 4122 tesan
956 4081 1012 4120 suo
1028 4061 1192 4121 Consulatu

90 4147 174 4204 iussu
189 4145 321 4226 Pompeii
342 4145 375 4204 in
398 4148 501 4207 Sicilia
515 4149 554 4208 ad
573 4148 754 4230 supplicium
775 4148 958 4224 ductuseat,
979 4145 1097 4225 ibique,
1120 4145 1192 4204 dum

92 4231 193 4288 alvum
215 4230 270 4289 sibi
290 4231 421 4308 levaret,
444 4244 536 4313 caput
557 4234 583 4294 ei
604 4234 773 4294 abscissum.
817 4233 947 4293 Comule
960 4229 1110 4294 Valerium
1123 4230 1191 4290 sta-

91 4312 209 4374 ximum
226 4315 280 4378 lib.
300 4317 354 4376 lx„
367 4337 432 4398 cap.
449 4317 534 4400 13·§
550 4327 581 4386 2.

176 4438 255 4504 Ibid.
273 4429 378 4506 'Croti
389 4444 544 4526 Hoputou]
568 4445 618 4526 Sic
634 4445 751 4522 Codex,
773 4466 861 4527 quem
877 4443 986 4506 emeris
1001 4442 1099 4522 argtrit
1113 4441 1191 4504 Cor-

91 4525 208 4602 nelius,
230 4534 260 4585 et
280 4527 394 4587 sufficit
411 4549 520 4589 nomeu
541 4533 709 4611 Καίσαρος,
732 4532 801 4611 quie
813 4533 922 4592 Brutus
938 4531 1106 4604 Caesarem,
1128 4549 1192 4588 uon

92 4611 270 4692 Pompeium
281 4613 443 4694 percussit.
485 4614 558 4674 Mihi
572 4626 672 4677 nmen
683 4616 738 4684 rix
752 4609 927 4698 persuadeo,
945 4616 1124 4696 scriptorem
1138 4615 1205 4676 Coa

92 4696 170 4758 dicis
190 4695 264 4760 adeo
287 4698 420 4780 turpiter
440 4719 570 4780 emmae,
591 4713 627 4764 ut
640 4704 701 4765 duo
714 4702 836 4764 uomina
849 4702 923 4764 adeo
937 4701 1018 4764 iuter
1029 4720 1063 4762 se
1077 4699 1195 4802 direru
