2722 5272
157 692 233 775 soe
429 703 728 774 ,currerem
748 705 943 776 moeno
1008 741 1016 762 .,
1059 641 1110 806 ’

131 863 229 928 edico
249 861 340 941 mihi,
354 861 386 925 id
399 873 443 924 est
456 862 641 944 luitprando
653 862 818 945 Episcopo,
828 927 830 932 ,
839 866 891 927 sed
905 867 1102 947 Bulgerorum
1123 869 1255 930 nuncius

158 977 259 1030 verno
280 965 478 1048 praeponitur
493 966 613 1027 nuncio.
656 966 715 1026 Sed
733 967 841 1028 lenivit
853 969 986 1030 dolorem
1001 987 1103 1031 meum
1117 971 1253 1052 Impera-¹

157 1077 209 1130 tor
226 1070 353 1130 Senctue
372 1087 495 1128 munere
513 1087 635 1148 magno,
657 1067 778 1128 mittens
796 1069 870 1130 mihi
888 1090 925 1130 ex
943 1071 1159 1144 delicstiseimis
1176 1061 1256 1132 cibie'

157 1171 239 1246 euie,
270 1169 400 1230 hoedum
419 1171 576 1251 pinguem,
606 1189 645 1232 ex
669 1191 729 1250 quo
753 1172 820 1252 ipse
841 1173 1025 1250 comederat,
1055 1171 1142 1250 elllo,
1168 1177 1253 1254 cepe,

155 1273 257 1354 porris
279 1273 360 1332 leuto
374 1265 620 1351 'suffarcinatum
642 1293 713 1354 gero
734 1273 916 1351 delibutum
939 1297 1027 1355 quem
1047 1285 1162 1335 vestrse
1178 1283 1253 1334 tunc

156 1393 274 1435 menese
292 1374 388 1434 inesse
409 1372 528 1454 optavi,
550 1383 586 1433 ut
605 1377 657 1454 qui
674 1377 796 1437 delicies
816 1379 918 1437 Sancti
930 1375 1122 1458 imperatoris
1139 1375 1251 1435 leustee

156 1495 221 1537 eree
244 1495 306 1536 non
330 1474 469 1551 creditis,
490 1475 593 1536 eeltem
615 1475 662 1537 his
684 1480 849 1560 perspectis
871 1480 1039 1540 crederetis.
1081 1475 1252 1538 Transactis

155 1597 228 1657 ergo
245 1585 315 1636 octo
328 1575 449 1655 diebus,
471 1597 540 1638 cum
553 1579 675 1656 Bulgsri
688 1581 748 1640 iem
762 1581 911 1656 obessent,
932 1590 1040 1660 putens
1055 1599 1102 1640 me
1118 1597 1252 1648 mensem

155 1679 352 1758 megnifscere
367 1697 468 1758 susm,
491 1680 524 1740 in
540 1681 644 1742 eodem
659 1684 727 1743 loco
746 1703 793 1742 me
807 1681 878 1740 setis
893 1691 1046 1760 aegrotum
1059 1701 1160 1742 secum
1174 1699 1252 1740 con-

153 1778 257 1840 vivere
277 1777 385 1858 coegit.
414 1781 509 1842 hlluit
524 1783 742 1864 cumpluribus
756 1781 911 1863 Episcopis
929 1782 1158 1845 cereniorem:
1179 1781 1253 1861 qui-

153 1878 210 1940 bus
235 1879 457 1961 praesentibus,
484 1885 585 1964 plures
610 1885 685 1944 mihi
715 1885 899 1963 quaestiones
919 1885 957 1944 de
978 1885 1135 1964 scripturis
1158 1883 1253 1942 meris

126 1989 151 2042 D
158 1986 333 2067 proposuit,
361 2005 432 2066 quse
456 2005 525 2044 cum
544 1985 659 2064 Spiritu
671 1989 780 2046 Sencto
804 1985 926 2045 eillente
947 1986 1095 2062 eleganter
1113 1983 1253 2062 exposui,

154 2086 317 2148 novissime
333 2097 432 2146 eutem
450 2095 485 2144 ut
505 2085 542 2144 de
555 2085 641 2144 vobis
654 2085 761 2146 ludum
778 2085 908 2162 heberet,
923 2105 995 2165 quus
1005 2084 1141 2164 Synodos
1153 2083 1253 2142 hehe·-

153 2205 265 2260 remue,
280 2186 405 2263 regerit.
434 2185 487 2245 eui
500 2205 569 2244 cum
582 2185 741 2248 llicsenem
747 2235 758 2266 ,
773 2187 1051 2264 chalcedonens,
1059 2184 1250 2266 Ephesium,

154 2285 380 2360 Antiocheam,
395 2286 664 2366 Carthaginensem,
680 2287 879 2371 hneyrrnem,
890 2287 1257 2369 Gonsssnenopotitenem

155 2389 319 2466 edicerem,
332 2389 377 2448 Hs
388 2387 427 2449 he
440 2389 488 2469 he,
502 2389 553 2469 eit,
566 2391 743 2452 Saxonicum
757 2393 858 2453 dicere
871 2411 901 2452 es
916 2390 1044 2451 oblitus:
1058 2409 1146 2469 quem
1159 2388 1184 2446 si
1198 2407 1256 2448 ro-

153 2509 214 2571 gos,
231 2511 287 2550 cur
301 2492 397 2551 nostri
410 2493 527 2553 codices
538 2513 599 2556 nen
607 2493 726 2572 hebent,
742 2495 850 2556 rudem
866 2513 937 2570 esee,
953 2503 983 2553 et
999 2493 1038 2552 ud
1048 2511 1104 2552 uos
1112 2489 1252 2551 necdum

151 2591 257 2654 venire
268 2612 355 2674 posse
367 2591 544 2678 respondeo.
575 2597 630 2656 Cui
646 2595 785 2678 inquom:
805 2597 838 2656 in
861 2615 921 2675 quo
936 2593 1069 2654 membro
1081 2601 1186 2672 regnet
1197 2591 1252 2650 in-

152 2693 289 2773 firmiter,
302 2696 379 2758 illud
388 2697 572 2759 estceuterio
581 2699 784 2762 exurendum:
797 2699 932 2760 haereses
940 2717 1042 2756 omnes
1052 2696 1163 2756 evehis
1172 2713 1252 2754 ems-

151 2809 280 2879 neruut,
301 2821 392 2882 penes
406 2821 462 2862 vos
476 2801 651 2881 viguerunt:
673 2821 691 2862 e
709 2801 813 2879 uobis,
835 2800 868 2861 id
886 2808 931 2860 est
943 2797 1186 2858 Occidentelibus
1197 2793 1256 2855 hic·

152 2903 390 2982 suutiuguletee,
405 2903 455 2964 hic
469 2913 541 2964 sunt
553 2903 676 2967 hccisse.
704 2904 877 2982 Romsnem,
891 2903 955 2963 sive
966 2901 1140 2981 Pupiensem
1149 2901 1252 2979 Syno-

154 3005 225 3066 dum
234 3053 244 3085 ,
266 3025 445 3086 quemquem
460 3015 559 3066 essent
575 3025 680 3088 seeps,
700 3005 749 3066 hie
764 3027 826 3066 nou
838 3021 1096 3066 connumeramus.
1136 3001 1252 3061 Rome-

123 3107 211 3168 Enus
222 3107 302 3168 enim
314 3107 463 3186 Clericus,
484 3109 676 3190 postmodum
692 3107 867 3170 universelis
885 3105 966 3188 Psps
979 3103 1156 3185 Gregorius,
1178 3102 1251 3186 quie

153 3229 172 3268 s
191 3208 278 3270 vobio
299 3209 466 3289 appellatus
486 3219 531 3271 est
553 3210 708 3289 llielogus,
736 3209 918 3290 Eutychium
942 3205 1252 3287 Constantinopolita-

153 3329 228 3370 num
239 3309 441 3372 Petrieruhsm
450 3309 639 3398 ¹hoereticum
651 3313 688 3373 eb
702 3312 847 3374 eiusmodi
860 3313 975 3374 heeresi
988 3310 1136 3372 liberavit.
1177 3306 1252 3380 Ales

152 3412 299 3474 belidem
317 3411 499 3494 Eutychiae,
519 3433 577 3474 nec
595 3415 693 3475 solum
711 3415 824 3490 eiebet,
846 3416 900 3477 sed
914 3415 1008 3476 etiem¹
1021 3413 1161 3488 docebat,
1185 3413 1252 3470 cle-

153 3515 270 3592 msbet,
291 3515 493 3597 scriptitehet,
515 3537 570 3576 nos
589 3517 622 3576 iu
639 3502 858 3578 resurrectione
871 3537 935 3578 nou
951 3536 1052 3577 veram
1062 3560 1071 3592 ,
1095 3534 1181 3594 quem
1197 3512 1257 3572 hio

153 3617 313 3696 hebemus,
334 3620 386 3679 red
401 3617 617 3700 phsnteeticsm
636 3618 794 3698 quemdem
813 3637 932 3681 carnem
950 3627 1172 3699 essumptuross
1193 3633 1252 3675 cu-

154 3720 202 3780 iue
222 3721 332 3782 erroris
345 3721 421 3782 liner
435 3743 453 3780 ιι
466 3721 610 3799 Gregorio
626 3721 794 3783 orthodoxe
813 3733 857 3784 est
871 3721 1052 3782 combustus.
1096 3718 1154 3778 Sed
1168 3718 1254 3778 Evo-

156 3823 242 3902 dius,
264 3824 414 3905 l'spiensie
434 3808 616 3905 Episcopus,
644 3835 769 3906 propter
792 3824 880 3884 aliem
908 3811 1066 3904 quemddm
1094 3819 1251 3896 haeresim,

48 3923 106 3984 col.
121 3925 141 3982 2
156 3923 228 4004 huc,
249 3925 283 3984 id
298 3935 342 3986 est
359 3927 657 4006 Constantinopolim,
678 3947 695 3985 e
709 3929 842 3987 Romano
854 3935 898 3986 est
913 3925 1085 3986 Petrierche
1103 3925 1251 4000 directus;

155 4039 484 4110 quem‘cempressem,
507 4031 540 4089 iu
563 4028 746 4088 catholicum
767 4037 855 4109 etque
878 4027 1087 4090 Orthodoxem
1102 4028 1252 4088 reforme-

156 4129 209 4194 vit.
251 4130 404 4190 Saxonum
423 4151 530 4209 genus,
552 4127 590 4192 er
606 4151 666 4211 quo
682 4132 824 4190 Sanctum
844 4131 1011 4192 Lavacrum
1035 4139 1066 4190 et
1090 4127 1144 4188 Dei
1163 4145 1252 4186 ecce-

154 4231 202 4316 pit
213 4231 367 4309 notitiem,
388 4233 473 4292 nulle
488 4242 533 4293 eet
549 4233 663 4296 haeresi
678 4233 877 4310 macritatem,
898 4241 934 4292 ιιι
947 4232 989 4292 ibi
1004 4230 1144 4311 Synodue
1155 4227 1252 4304 lieret,
1293 4249 1295 4260 ·

157 4351 217 4413 que
240 4353 385 4412 errorem,
412 4355 480 4395 cerm
497 4336 600 4416 nullm
624 4343 714 4412 esset,
737 4334 908 4414 corrigeret.
949 4334 1066 4394 liudem
1088 4332 1158 4411 quie
1177 4329 1252 4390 dicis

156 4436 323 4497 saxonibus
350 4457 414 4499 esse
434 4437 541 4516 fidem,
568 4439 603 4499 id
623 4435 723 4518 ipsum
743 4445 774 4496 et
791 4456 844 4516 ego
868 4431 999 4498 ellirmo:
1034 4454 1152 4516 semper
1172 4433 1254 4493 enim

157 4539 239 4619 epud
257 4525 307 4599 eos
324 4539 436 4602 Christi
456 4540 530 4600 fides
545 4541 630 4612 rudis
646 4549 706 4619 eet,
728 4549 759 4600 et
775 4561 839 4601 non
858 4548 960 4618 vetus,
987 4540 1041 4600 ubi
1057 4539 1147 4599 fidem
1163 4557 1256 4620 opere

157 4652 335 4721 sequuntur.
377 4643 436 4705 liic
452 4643 528 4706 fides
541 4663 604 4706 nou
617 4641 717 4722 rudis,
737 4643 792 4708 sed
805 4651 893 4706 vetus
908 4651 971 4721 est,
990 4641 1043 4703 ubi
1059 4641 1149 4701 fidem
1163 4659 1254 4721 opere
