2722 5272
220 746 295 820 412
566 757 603 831 C.
623 759 660 831 Β.
683 756 797 827 HASlI
815 760 966 828 NOTAE

219 917 270 976 SS.
292 914 390 994 Cynici
404 915 564 978 etJnlittue
576 917 727 995 martyrio,
749 921 820 984 288.
835 917 868 980 Β.
883 910 997 981 κελεύει
1013 910 1202 1001 α’ρμενταρλῳ
1221 914 1309 1000 αἲναρ.

218 1005 364 1078 τηθεῐσαν
379 995 481 1080 ἀῦτήν
502 996 629 1076 εῦτόνως
651 999 781 1077 ξὲεσθαι.
819 1002 965 1077 Eruenda,
987 1000 1163 1086 ἕρμηταρλρι.
1184 1004 1230 1061 De
1252 1025 1309 1082 quo

95 1089 107 1109 ⁸
218 1084 365 1144 vocabulo
381 1106 449 1144 cum
462 1087 521 1145 isun
535 1096 672 1146 accurate
686 1086 824 1145 disseruit
840 1087 1005 1167 Ducengius
1019 1087 1151 1147 Glosser.
1165 1088 1225 1148 col.
1236 1089 1306 1154 456.

218 1168 252 1228 B.
259 1167 314 1229 -hic
325 1190 388 1229 nou
402 1179 446 1230 est
460 1172 539 1250 quod
554 1171 692 1253 pluribus
706 1190 833 1248 egemus.

302 1337 379 1417 ltro.
400 1341 455 1401 lin.
476 1340 506 1408 6.
529 1334 724 1422 παραβόλως]
746 1339 844 1411 Verti‚
866 1338 1088 1417 audacissime,
1109 1350 1146 1401 ut
1160 1342 1306 1402 variarun

217 1422 369 1503 phrasim:
398 1425 563 1485 accuratius
582 1426 702 1495 fuisset,
733 1423 989 1505 desperansque
1018 1445 1106 1484 sensu
1127 1422 1306 1508 παραβόλως

217 1510 298 1589 opud
310 1508 427 1589 loseph.
447 1510 592 1589 Antiqnt.
609 1514 680 1576 208.
696 1511 728 1570 C.
744 1515 843 1586 καλῶς
857 1504 1035 1584 α’ποθανεῖν,
1058 1509 1110 1572 καλ
1126 1506 1305 1591 παραβόλως

213 1595 457 1656 διακινδυνεῦσαι
486 1601 549 1667 τοῖς
569 1596 729 1672 πολεμίοις.
761 1596 835 1655 Item
854 1595 944 1674 apud.
953 1595 1103 1658 Plutarch.
1122 1594 1304 1674 Philopoem.

215 1679 286 1742 358.
303 1679 333 1735 C.
344 1679 447 1738 Crasso
462 1681 532 1746 560.
548 1680 582 1737 Ι).
592 1680 683 1760 Apud
697 1680 821 1738 eundern
834 1700 896 1739 non
907 1679 1063 1754 invidiose,
1078 1680 1131 1738 scd
1143 1700 1211 1739 cum
1220 1679 1305 1738 laude

187 1757 350 1838 vitiosum,
371 1764 410 1827 M.
434 1762 542 1824 Anton.
558 1770 631 1832 926.
649 1766 684 1825 B.
698 1769 864 1846 πρακτικῶς
878 1763 928 1826 καλ
944 1757 1131 1844 παραβόλως.
1174 1764 1304 1823 Plerum-

216 1867 274 1925 que
288 1856 386 1908 temen
404 1849 508 1908 melius
524 1859 620 1909 vertas
637 1852 767 1920 incante,
788 1860 900 1909 temere.
942 1847 1057 1927 loseph.
1073 1849 1221 1926 Antiquit.
1236 1850 1303 1914 675.

214 1930 251 1990 Ι).
270 1930 437 2011 πεφυκότες
452 1929 530 1996 εἶναι
541 1928 718 2016 παραβόλως
728 1940 860 2014 θρασεῖς.
888 1934 930 1992 De
941 1933 1018 1993 bello
1035 1932 1102 1993 lud.
1120 1936 1192 1999 870.
1206 1934 1238 1992 F.
1250 1956 1304 1994 πα·

215 2011 349 2097 ραβόλως
365 2012 620 2099 προκινδυνεύειν.
654 2020 683 2077 S.
700 2017 852 2096 Chrysost.
869 2018 952 2078 Oret.
974 2017 1007 2075 in
1023 2017 1108 2095 epist.
1125 2019 1155 2075 S.
1169 2017 1256 2076 Psuu
1269 2017 1303 2074 ll.

214 2103 265 2165 65.
281 2104 332 2166 35.
354 2101 373 2164 ό
386 2098 564 2183 παραβόλως
577 2098 680 2165 ἑαυτὸν
693 2108 756 2174 τοῖς
770 2095 924 2174 κινδύνοις
940 2096 1086 2173 ἐκδιδούς.
1128 2100 1303 2161 Plutarchus

214 2185 347 2243 Aristide
368 2191 441 2252 319.
453 2188 485 2244 F.
499 2182 594 2248 πολλῦ
609 2184 788 2265 κινουμένου
807 2190 863 2248 τοῦ
878 2185 1108 2265 Θεμιστοκλέους
1118 2181 1302 2266 παραβόλως.

213 2268 287 2327 Item
310 2269 412 2347 Pomp.
430 2275 501 2338 627.
524 2271 556 2328 C.
573 2264 745 2351 παραβόλως
766 2269 817 2333 καλ
833 2267 1061 2355 λῃστρικώτερον
1075 2264 1159 2354 αύτῷ
1172 2290 1302 2353 προσφο-

214 2349 343 2433 ρομὲνου
362 2354 438 2416 lbid.
464 2359 535 2422 629.
554 2356 586 2418 B.
607 2351 765 2434 κατήπειξε
785 2351 963 2437 παραβόλως
981 2351 1037 2433 τήν
1057 2348 1167 2433 μήχην.
1212 2358 1301 2415 Porro

213 2435 356 2498 Phocion.
379 2440 451 2505 744.
466 2439 500 2502 Β.
519 2439 611 2515 Agidc
633 2448 663 2499 ct
680 2440 828 2501 cleomsn.
842 2444 912 2507 816.
929 2440 963 2501 Ε.
978 2439 1018 2499 M.
1036 2439 1169 2498 Antonio
1183 2443 1255 2507 935.
1270 2440 1302 2502 F.

215 2522 309 2582 Gelba
324 2527 414 2589 1053.
430 2525 465 2582 A.
506 2523 658 2584 hiterdum
673 2526 882 2604 exponendum
902 2534 961 2600 est,
983 2545 1097 2582 ommno
1112 2545 1181 2582 cum
1194 2524 1302 2581 diocri-

201 2609 303 2690 ⁴¹mine.
345 2607 494 2670 Plutarch.
518 2609 640 2672 Aristid.
662 2613 734 2676 323.
755 2610 786 2672 C.
806 2604 981 2690 παραβόλως
998 2604 1048 2670 διὰ
1070 2612 1132 2669 coir
1152 2610 1303 2688 πολεμίων

214 2697 292 2755 νεῶν
315 2687 516 2767 διεκπλεύσας.
562 2696 674 2753 Catone
690 2694 760 2756 mei.
777 2696 848 2760 343.
865 2695 898 2752 l).
913 2686 1092 2765 πολυπόνως
1106 2692 1157 2754 καλ
1170 2687 1302 2775 παραβό-

214 2781 282 2850 λως.
324 2775 404 2838 ldem
426 2777 531 2858 Pyrrh.
555 2783 627 2846 392.
647 2779 681 2841 A.
704 2779 828 2838 Lucullo
843 2780 914 2845 499.
929 2779 961 2840 Ε.
975 2771 1158 2850 α’νελπλστως
1172 2778 1225 2840 καλ
1247 2801 1303 2840 πα·

214 2856 351 2943 ραβόλως
369 2859 510 2943 ἐξεσώθη.
553 2864 658 2922 Crasso
681 2862 754 2929 554.
768 2864 801 2922 B.
816 2855 989 2944 παραβόλως
1002 2858 1080 2934 τινὲς
1093 2857 1303 2936 διεκπεσόντες.

213 2947 353 3027 Pompeio
376 2952 447 3014 638.
473 2948 508 3007 A.
523 2943 614 3028 Ιμόλις
632 2946 685 3009 καλ
695 2942 878 3029 παραβόλως.
922 2947 1032 3005 Catone
1048 2946 1165 3007 minore
1182 2948 1254 3012 784.
1269 2948 1301 3004 A.

63 3019 85 3068 ⁸
212 3030 391 3110 παραβόλως
400 3026 610 3110 κρατήσαντος.
654 3033 745 3091 Arato
763 3036 852 3098 1039.
867 3033 901 3115 D·
916 3030 965 3093 tot
981 3027 1014 3093 τό
1028 3036 1122 3110 τεῖχος
1137 3026 1235 3111 ἆνὲβη
1250 3055 1302 3092 πα-

211 3111 352 3195 ραβόλως.
384 3115 467 3176 Alios
484 3116 608 3175 nliorum
619 3116 703 3175 locos
718 3136 824 3176 vereor
835 3115 885 3175 hic
900 3116 1058 3175 ascribere:
1082 3117 1163 3193 quod
1177 3117 1242 3174 vim
1253 3136 1302 3174 vo·

212 3200 311 3257 eubuli
336 3220 398 3258 non
426 3197 516 3276 magis
535 3199 703 3276 illustrent,
732 3221 820 3279 quom
848 3200 936 3259 unius
957 3199 1109 3259 Plutarchi
1128 3209 1159 3259 et
1177 3199 1301 3280 Iosephi.

98 3295 128 3347 Ρ,
147 3295 198 3351 196
213 3284 316 3362 Neque
335 3285 372 3342 de
391 3304 465 3343 voce
484 3287 657 3368 παραβολή,
678 3285 861 3366 estephsno
880 3294 910 3344 ct
930 3283 1110 3344 Schneidero
1132 3286 1301 3362 generatim,

211 3368 248 3427 ub
266 3368 401 3428 Emectio
425 3368 524 3428 Lexic.
544 3368 752 3448 teclinologico
776 3371 847 3437 241.
869 3368 900 3428 A.
914 3369 1074 3449 [rhetorum
1088 3389 1177 3428 sensu
1192 3370 1302 3450 optime

181 3523 185 3535 ρ
210 3454 355 3534 exposita,
378 3453 538 3532 quicquam
552 3453 669 3530 eddom,
690 3464 807 3534 praeter
823 3454 918 3530 illud,
937 3455 998 3514 loc.
1014 3453 1065 3512 uhi
1080 3456 1218 3515 occurrit
1234 3456 1302 3513 llio-

209 3538 570 3618 nysii‘Halicernnsscneis
583 3540 653 3598 Arte
672 3538 837 3616 rhetorice,
858 3539 895 3598 V.
909 3542 981 3619 389.
996 3543 1025 3604 9.
1040 3538 1103 3597 levi
1117 3541 1302 3598 correctione

208 3624 307 3683 lucem
320 3623 420 3683 offerri
433 3642 528 3704 posse.
570 3623 621 3682 Ait
639 3623 715 3682 cuim
729 3623 850 3700 rhetor,
871 3622 905 3682 in
919 3619 1097 3703 quibusdum
1109 3623 1208 3682 crusis
1223 3623 1301 3682 insli-

209 3709 333 3767 cialibus
357 3728 589 3788 supervucuneus
611 3729 672 3769 esse
692 3710 892 3779 narrationes,
915 3707 1035 3785 quando
1050 3707 1193 3766 nimirum
1216 3728 1302 3768 nemo

210 3802 255 3852 est
277 3793 329 3872 qui
350 3813 410 3872 quo
432 3803 520 3940 ροοεο
538 3813 586 3852 res
607 3804 686 3871 gestu
703 3794 743 3852 sit
757 3803 809 3852 aut
825 3792 937 3851 nesciet
957 3792 1056 3851 autin
1070 3792 1194 3850 dubium
1206 3802 1301 3852 vocet.

210 3877 383 3955 Subiungit:
408 3881 486 3940 Οον·
505 3872 662 3957 ῦριστειαῖν
683 3874 846 3958 διηγήσεις,
868 3881 968 3959 γελοῖα
987 3870 1197 3938 παντάπασιν·
1229 3875 1302 3956 ‹iuo-

209 3965 368 4042 λνγοῦνιαι
378 3959 435 4043 yolo
453 3961 504 4024 καλ
516 3962 550 4025 λιι
567 3964 742 4043 παραβολῆς
755 3957 895 4040 αἰτήσεις.
937 3961 1102 4020 Novissiine
1114 3960 1159 4019 sic
1175 3971 1301 4020 vertun-

208 4055 260 4105 tur
271 4045 341 4105 odit.
356 4046 467 4106 heich:
483 4050 659 4125 inconfesse
675 4051 752 4106 enim
766 4057 819 4122 cst,
833 4045 917 4125 quod
930 4067 964 4104 ex
980 4047 1214 4123 comparatione.
1245 4046 1303 4104 Sed

210 4130 481 4236 interpungendum
493 4143 561 4210 post
576 4129 680 4213 γῦρ,αι
694 4133 818 4191 verbum
828 4129 1040 4212 ὁμολογοῦνται
1054 4149 1108 4215 per
1114 4150 1238 4208 zeugma
1252 4138 1303 4188 eut

208 4215 257 4293 fig.
274 4212 335 4278 απδ
347 4219 455 4278 κοινοῦ
464 4217 650 4276 referendum
667 4211 865 4297 auriclania·
888 4213 1101 4295 ὁμολογοῦνται
1113 4211 1181 4295 yslo,
1201 4214 1253 4275 καλ
1271 4214 1302 4276 ἐκ

207 4303 382 4381 παραβολῆς
407 4294 552 4379 αἰτήσεις·
585 4301 665 4379 quod
692 4302 789 4379 agitur
812 4301 849 4359 δα
871 4299 1085 4378 disceptatione
1106 4300 1186 4357 inter
1211 4299 1301 4357 duces

207 4384 300 4460 duos,
321 4385 382 4445 utri
402 4384 536 4464 praemio
555 4384 676 4445 virtutis
697 4385 856 4445 tribuenda
876 4386 952 4443 sint:
974 4403 1023 4443 res
1037 4382 1073 4441 ab
1088 4393 1215 4461 utroque
1230 4383 1303 4441 bcue

94 4526 101 4544 ,
207 4478 302 4544 gestus
314 4489 482 4545 esse‚uem0
494 4478 542 4528 cst
556 4469 608 4548 qui
621 4470 751 4548 ignoret:
768 4479 805 4529 ut
819 4468 931 4528 iudices
946 4468 1001 4526 isin
1016 4488 1077 4526 non
1093 4468 1208 4526 discors
1222 4488 1303 4526 nunc

208 4552 327 4611 deinum
336 4574 438 4612 eorum
450 4550 595 4627 fontaned
605 4574 782 4633 componere
792 4554 910 4613 interce
922 4563 1012 4631 etque
1022 4553 1159 4611 conferre
1168 4551 1302 4611 debeant.

181 4637 410 4709 BQuurnobrcm
428 4638 697 4719 interpretandum:
719 4661 810 4719 neque
830 4641 910 4697 enim
930 4640 962 4695 in
982 4635 1112 4695 (lesbium
1123 4649 1305 4696 revocantur

208 4725 322 4795 [corum
350 4723 501 4802 prucclure
528 4723 634 4802 sucteJ,
658 4721 713 4785 ord
732 4725 956 4805 peucolatim
972 4744 1027 4801 per
1047 4725 1302 4801 comparaticium
