2714 5138
350 1321 609 1400 nnnnrc1
641 1321 869 1400 osnrsu

132 1457 1166 1604 incursuro·

595 1711 653 1764 ΔΙ)

173 1905 184 1924 .
225 1805 971 1920 uu1rrnano1nacsr1onin
1161 1911 1163 1918 .

67 2243 270 2371 longanimem
284 2291 372 2353 hanc
388 2291 569 2374 luitprandi
586 2297 790 2359 Cremonensis
799 2297 941 2381 Episcopi
954 2294 1114 2378 descripsit
1128 2311 1167 2356 ex

70 2397 166 2455 Codice
175 2395 389 2476 manuscripto
402 2393 606 2460 Bibliothecae
618 2391 777 2481 primariae
790 2402 872 2462 aedis
885 2399 1073 2462 'sinnitensis
1088 2399 1123 2458 lt.
1133 2397 1167 2462 Ρ.

73 2497 297 2579 christophorus
310 2499 492 2578 Browerus,
506 2502 657 2562 societatis
672 2503 739 2564 lesu
754 2503 908 2583 sacerdos,
930 2501 1116 2582 antiquitatis
1129 2499 1170 2559 il-

71 2599 232 2660 lustrandae
252 2599 513 2680 studiosissimus,
536 2623 658 2683 eamque
671 2605 708 2662 ad
724 2625 912 2664 communem
932 2604 1018 2696 illum
1034 2603 1170 2662 omnium
1244 2615 1247 2620 “

72 2704 247 2776 snrditorum
268 2698 402 2763 amicsim
422 2705 558 2765 Marcum
578 2705 732 2766 Velserum
750 2705 817 2768 Vll.
839 2705 941 2766 virum
962 2706 1170 2783 Augustanum

39 2829 44 2837 ¹
71 2805 155 2883 misi13
176 2807 247 2866 inde
266 2805 331 2866 huc
343 2807 476 2888 perlato,
497 2827 582 2867 nunc
603 2809 724 2868 tandem
741 2817 811 2890 post
828 2817 876 2868 tot
891 2808 1008 2869 saccula
1030 2827 1068 2866 ex
1084 2814 1170 2868 tene

71 2908 167 2969 briain
188 2909 345 2992 publicum
363 2909 437 2982 exit.
479 2909 553 2986 Quis
570 2911 772 2992 Luitprandus
787 2911 840 2971 hic
853 2909 964 2989 suerit,
988 2921 1070 2972 certo
1086 2911 1167 2970 affir-

72 3033 143 3072 mare
160 3035 223 3074 non
237 3013 351 3090 ausim..
385 3013 490 3074 Fuisse
503 3014 671 3074 'ticinensis
694 3015 844 3076 Ecclesiae
862 3013 995 3076 Levitom
1010 3024 1040 3074 et
1057 3013 1167 3086 Diaco-

73 3137 135 3176 num
161 3111 263 3200 (cuius
280 3124 386 3176 exunt
405 3115 478 3176 libri
495 3131 548 3176 sex
562 3137 661 3177 rerum
678 3118 716 3176 a'b'
734 3119 871 3198 Europae
885 3115 1115 3200 imperatoribus
1136 3125 1167 3178 ct

74 3219 191 3298 Regibus
201 3215 374 3299 gestarum),
383 3219 511 3280 suadent
523 3237 592 3278 cum
601 3219 669 3299 alis,
681 3229 745 3280 tum
757 3221 835 3280 idem
847 3239 971 3302 prorsus
984 3217 1104 3280 dicendi
1117 3239 1167 3298 ge-

75 3343 132 3384 nus.
169 3321 282 3382 Deinde
298 3323 381 3402 quod
401 3323 574 3402 opinionem
590 3322 671 3382 hanc
684 3323 930 3384 verisimillimam
949 3323 1059 3400 reddit,
1080 3322 1167 3382 Luit-

74 3425 199 3504 pnodus
218 3434 324 3485 noster
335 3423 383 3484 bis
398 3445 430 3486 se
451 3425 713 3506 Constantinopoli
725 3426 903 3508 legationem
920 3423 1029 3485 obiisse
1046 3423 1167 3502 asserit3

76 3527 201 3606 primam,
222 3547 293 3587 cum
307 3526 406 3588 adhuc
417 3527 567 3588 lliaconus
581 3537 669 3606 esset,
689 3527 866 3588 auctoritate
879 3519 1067 3606 berengarii,
1087 3536 1168 3587 tem·

75 3650 138 3708 pore
152 3629 345 3710 Constantini
365 3629 548 3692 Graecorum
560 3630 770 3712 imperatoris3
792 3638 898 3712 postes
910 3629 1035 3690 alteram
1044 3673 1054 3706 ,
1079 3647 1168 3688 man·

75 3729 134 3791 dato
157 3731 281 3792 Ottonis
306 3731 408 3812 Magni
430 3741 459 3794 et
479 3733 536 3794 filii
559 3735 622 3795 eius
644 3743 674 3794 et
693 3733 799 3794 uxoris
820 3730 1003 3793 Adelheidae
1020 3729 1058 3791 ad
1076 3727 1168 3790 Nice-

72 3833 193 3916 phorum
207 3834 356 3912 l'hocam,
379 3835 430 3915 qui
444 3845 565 3897 mortuo
582 3839 717 3898 Romano
733 3833 797 3895 filio
810 3833 957 3918 praedicti
980 3831 1169 3894 Constantini

72 3936 224 4020 lmperium
248 3938 616 4020 constantinopolitanum
635 3939 797 4002 invaserat.
838 3937 880 3998 At
897 3937 1098 4019 luitprandus
1113 3936 1168 3997 Ti-

71 4041 189 4104 u'nsnsis
203 4042 369 4206 opem,
390 4051 422 4104 et
433 4041 603 4102 llistoricus
622 4043 665 4126 ab·
680 4041 784 4103 codem
797 4039 976 4121 Berengario
997 4039 1099 4101 ltelise
1115 4048 1167 4121 ty-

69 4165 154 4207 ranno
175 4167 284 4229 porus
304 4165 396 4226 quam
419 4145 497 4224 Rege
517 4164 550 4204 se
573 4133 866 4240 Couaffiptinopolim
884 4143 923 4204 sd
939 4142 1168 4218 Constantinum

67 4247 276 4331 imperatorem
295 4247 386 4327 legati
408 4247 530 4308 nomine
550 4239 676 4307 missum
692 4233 818 4308 testatur
830 4247 881 4308 lib.
895 4245 947 4312 Vl.
964 4245 1042 4326 Bet.
1059 4265 1125 4325 cap·
1140 4250 1169 4310 1.

1186 1359 1212 1404 ἱ

67 4362 93 4411 et
104 4375 160 4435 seq.
175 4353 229 4414 ubi
243 4345 314 4413 susc
327 4349 480 4420 describit.
498 4349 649 4431 quomodo
663 4371 681 4408 s
695 4352 893 4412 Constantino
908 4345 1169 4442 Constantinopoli
1191 4347 1195 4354 ’

64 4467 200 4544 exceptus
218 4453 336 4529 fuerit,
357 4461 388 4514 et
410 4473 486 4534 quae
506 4453 679 4534 spectaculo
700 4453 810 4514 ibidem
825 4453 946 4516 viderit
990 4451 1077 4512 Unde
1093 4470 1169 4510 corr-
1196 4447 1199 4453 ⁴

63 4558 145 4621 iicers
157 4561 242 4636 licet,
260 4575 357 4619 uuum
367 4564 398 4615 et
412 4553 541 4616 eundem
553 4575 616 4617 esse
628 4553 713 4616 hunc
727 4565 877 4636 nostrum,
896 4565 928 4616 et
942 4554 995 4635 qui
1012 4549 1168 4613 historiam

63 4663 250 4748 wnscripsit:
274 4677 371 4740 quum
385 4656 598 4722 atHistoricus
613 4658 670 4720 sub
684 4659 847 4721 ottonibus
868 4655 1020 4735 claruerit,
1042 4663 1074 4716 et
1088 4663 1168 4715 tcm-
1228 4643 1234 4654 '
1275 4737 1278 4743 Ι
