2954 4858
289 309 366 386 660
475 319 516 390 N.
537 321 584 390 M.
601 319 805 390 FOGGlNlI
825 316 1170 400 ADNOTATIONES

285 501 403 564 paraus
416 490 469 558 ast,
482 497 535 540 san
545 482 696 558 permisit,
711 499 782 540 nam
793 477 853 540 boc
865 478 1054 542 etiamssnan
1062 475 1309 564 verbumasiyrs
1319 479 1396 562 apul

290 568 451 648 scriptores
472 565 602 632 Graecos
620 565 761 626 occurrit

178 703 209 758 p·
223 703 276 760 390
375 675 427 740 46.
455 667 583 750 Ταύτης]
605 670 706 730 ldalim
725 662 852 750 ταύτην,
871 669 959 730 utin
975 687 1006 730 v.
1020 669 1070 736 49.
1091 689 1181 749 quem
1199 689 1220 730 e
1243 675 1396 734 nonu-aria

186 773 243 826 col.
258 774 273 826 1
294 760 449 819 Cornelius
475 777 513 816 ex
532 755 669 815 hocloco
684 755 821 814 emendat
836 775 868 813 ea
883 757 999 815 ratione
1014 756 1139 830 ductans,
1163 757 1255 834 qaod
1273 759 1396 817 verbnm

288 843 402 926 κρατέω
425 843 601 923 plerumque
629 861 697 899 cum
711 841 841 918 genitivo
858 841 1050 900 construitur.
1093 841 1230 917 Varum,
1261 843 1397 902 liestm-

288 931 362 1006 rius,
384 929 544 1008 scriptores
557 925 666 986 Graeci
679 925 881 984 accusativum
895 946 1013 1004 qnoque
1027 926 1053 984 ei
1067 927 1222 1002 tribuunt,
1249 949 1290 986 ae
1303 927 1398 986 Thea·

289 1015 404 1076 dasium
416 1015 457 1072 sic
472 1012 550 1072 illud
563 1013 774 1080 construxisse,
797 1021 968 1088 argumento
985 1020 1028 1070 est
1044 1011 1245 1090 participium
1262 1012 1396 1094 πέμπ-

289 1118 361 1177 σαν,
389 1098 470 1178 quod
488 1096 623 1174 alioquin
636 1096 791 1155 emendare
808 1096 879 1154 item
893 1095 1041 1156 debuisset
1055 1096 1226 1156 Cornelius.

371 1205 422 1270 51.
447 1201 603 1285 Teluoyya]
626 1200 846 1278 Triconehum,
868 1201 950 1281 quod
966 1209 1029 1260 erat
1044 1201 1221 1260 cubiculum
1234 1201 1271 1260 in
1286 1203 1396 1284 palatis

285 1291 500 1371 Imperatorum
514 1289 611 1348 tribus
628 1288 789 1348 fornicibus
800 1297 1005 1360 exstructum,
1025 1305 1111 1365 saepe
1130 1299 1311 1348 memorant
1325 1289 1396 1347 scri·

287 1385 391 1458 ptores
408 1375 574 1455 Byzantini,
597 1395 722 1452 quorum
738 1372 1033 1436 auctoritatesresert
1049 1371 1117 1429 llu—
1127 1371 1276 1432 Freanius
1290 1375 1324 1432 in
1339 1375 1396 1432 lle-

287 1461 450 1541 scriptione
468 1459 743 1539 Constantinopolis
759 1457 942 1517 Christianae
958 1456 1008 1514 lib.
1025 1456 1060 1514 ll.
1080 1465 1151 1518 sect.
1171 1457 1221 1516 tv.
1240 1478 1329 1516 num.
1349 1464 1396 1523 tt.

288 1557 317 1606 et
330 1547 381 1605 lib.
391 1547 439 1606 lV.
454 1555 524 1606 sect
534 1545 595 1604 Vll.
609 1565 690 1606 num.
702 1551 729 1608 1.
745 1543 856 1604 Verum
871 1542 988 1601 diverse
1003 1542 1091 1620 plane
1105 1561 1196 1600 sensu
1207 1541 1272 1601 hoc
1284 1563 1396 1602 noman

287 1630 407 1690 adhibet
420 1629 603 1689 Theodosius
613 1675 621 1707 ,
645 1629 697 1708 qui
715 1628 751 1686 ad
767 1649 846 1688 arma
864 1628 942 1686 illud
954 1627 1134 1685 transferens
1151 1626 1324 1686 adhibuisse
1340 1629 1396 1685 ai-

286 1715 374 1776 detur
387 1715 425 1774 ad
435 1714 672 1792 significandum,
689 1712 768 1792 qnod
784 1711 928 1791 Polybius
943 1712 995 1770 lib.
1011 1711 1059 1770 Vl.
1072 1731 1138 1792 pag.
1152 1713 1227 1776 469.
1243 1713 1394 1792 σιδηροῦς

284 1792 393 1878 κόγχον
416 1799 591 1878 appellavit,
614 1797 713 1876 clypei
736 1796 876 1856 nimirum
898 1796 1071 1872 umbonem,
1094 1815 1146 1854 seu
1166 1796 1301 1856 ferreum
1313 1797 1393 1856 illud

287 1883 458 1962 spiculum,
480 1881 561 1960 quod
576 1881 609 1940 in
623 1881 721 1941 medic
737 1882 836 1962 clypei
848 1881 1036 1962 prominebat
1057 1889 1087 1940 et
1108 1889 1173 1940 erat
1195 1881 1391 1960 triangularis.

283 1967 353 2027 lton
368 1967 542 2026 absimiliter
555 1987 629 2028 voce
642 1969 798 2052 τρίκογχον
807 1969 845 2027 ad
857 1967 1041 2046 triangulum
1053 1965 1277 2044 designandum
1283 1965 1390 2026 Graeci

283 2053 463 2114 recentiores
484 2061 621 2117 utuntur.

368 2162 419 2228 53.
441 2155 642 2240 Μιαιφόνων]
664 2159 708 2219 Ita
730 2157 849 2233 Codex,
869 2157 955 2218 etsie
976 2177 1095 2238 quoqne
1108 2157 1146 2218 ad
1162 2179 1249 2220 oram
1264 2159 1389 2240 paginae

283 2247 454 2307 emendavit
471 2247 642 2321 Cornelius,
665 2265 753 2324 quam
770 2243 896 2302 inseruit
912 2245 944 2302 in
953 2253 1044 2303 textu
1063 2263 1125 2302 non
1138 2265 1155 2301 a
1170 2246 1287 2321 veteri,
1308 2245 1389 2304 seda

283 2352 363 2392 nove
381 2332 526 2412 scriptore
543 2332 679 2390 vitiatam
694 2349 808 2392 vocem.

368 2444 419 2506 62.
442 2436 580 2518 Πνεῦμα]
604 2437 654 2495 Sic
665 2433 755 2495 habet
772 2435 883 2508 Codex,
904 2444 934 2493 at
947 2433 990 2493 sic
1006 2433 1389 2516 Corneliuscorrigendnm

284 2522 458 2598 adnotavit,
481 2525 563 2603 quod
575 2522 653 2582 mala
668 2521 852 2602 descriptum
867 2529 1030 2600 acceperat

389 2645 439 2708 67.
466 2637 523 2706 Τὸν
538 2638 658 2722 χιτῶνα]
680 2640 776 2700 Huius
800 2640 893 2699 vestis
916 2637 1107 2715 hloamethis,
1132 2659 1224 2719 quam
1245 2639 1388 2717 religiosa

285 2726 371 2786 cultu
389 2727 501 2785 Turcas
520 2735 718 2806 prosequutus
737 2725 866 2784 affirmat
879 2723 1078 2800 Theodosius,
1100 2725 1182 2805 apud
1193 2745 1261 2798 eos,
1286 2725 1338 2804 qui
1353 2725 1388 2782 da

282 2810 457 2872 Moamethis
467 2811 528 2869 vita
542 2821 571 2869 et
586 2811 623 2869 de
637 2811 800 2869 Turearum
811 2809 996 2888 dogmatibus
1007 2809 1162 2890 scripsere,
1177 2810 1263 2868 nulla
1274 2809 1389 2868 mentio

283 2903 338 2954 eat.
373 2896 471 2967 Quare
486 2896 535 2953 vel
547 2893 619 2953 huic
632 2895 703 2953 voci
717 2896 859 2954 mendum
875 2895 982 2970 inesse,
997 2895 1045 2954 vel
1059 2896 1118 2953 alio
1129 2914 1230 2969 sensu,
1245 2915 1340 2973 qnam
1352 2895 1389 2953 da

282 2987 375 3056 veste,
394 2979 601 3058 explicandam
618 2997 679 3036 esse
691 2980 877 3040 crediderim.
900 2979 1066 3059 Scriptores
1081 2979 1300 3056 Ecclesiastici,
1314 2999 1388 3058 quos

282 3063 364 3124 inter
381 3061 586 3124 Theodoretus
598 3063 717 3136 Quaest.
729 3065 870 3124 xxxix.
885 3065 918 3122 in
931 3065 1068 3124 Genesim
1084 3085 1151 3144 pag.
1168 3065 1221 3130 34.
1242 3066 1274 3123 S.
1291 3063 1389 3123 atha-

281 3150 383 3210 nasius
399 3150 518 3223 Quaeat.
533 3149 593 3208 LV‘.
608 3149 646 3207 ad
657 3148 849 3228 Antiochum,
864 3152 894 3211 S.
908 3149 1068 3228 Gregorius
1080 3149 1290 3208 Nazianzenus
1303 3149 1388 3208 Orat.

281 3231 450 3297 xxxvttt.
466 3256 530 3316 pag.
543 3239 614 3302 619.
637 3244 666 3294 et
679 3234 838 3313 Origenes,
864 3243 938 3294 teste
952 3237 980 3296 S.
994 3234 1162 3316 Epiphanio
1183 3244 1252 3292 tum
1269 3231 1389 3294 haeresi

281 3321 386 3380 thv.
409 3343 440 3401 p.
461 3327 538 3396 229,
561 3329 626 3379 tum
651 3319 683 3378 in
702 3320 853 3380 decorato
875 3341 941 3400 pag.
954 3321 1034 3396 494,
1058 3320 1095 3379 de
1109 3319 1220 3379 tunicis
1238 3319 1303 3378 illis
1320 3319 1389 3400 pel·

280 3405 366 3465 liceis
388 3407 583 3482 disserentes,
604 3407 710 3484 quibus
734 3406 828 3464 Adam
850 3415 880 3464 et
906 3405 1018 3464 llevanr
1034 3405 1111 3463 Deus
1131 3413 1202 3484 post
1224 3415 1388 3482 peccatum

250 3515 253 3523 ·
282 3491 431 3566 contexit,
452 3511 557 3550 vocem
575 3495 700 3570 quadra,
723 3511 781 3570 qua
797 3509 896 3550 sacrae
909 3489 1035 3568 Paginae
1052 3499 1183 3550 utuntur
1200 3489 1241 3548 ad
1263 3509 1387 3548 oarnnn

249 3603 257 3614 ·
283 3595 452 3656 corpusque
476 3577 708 3653 designandum,
731 3595 820 3635 seusu
841 3585 919 3635 certe
944 3575 1042 3634 minus
1063 3575 1170 3650 obvie,
1194 3575 1387 3634 transtulere.

281 3661 424 3735 Consule,
452 3659 477 3718 ai
501 3657 599 3732 lubet,
622 3680 726 3720 eorum
746 3659 938 3720 auctoritates
965 3661 1046 3738 apud
1067 3661 1226 3720 Suicerum
1248 3659 1279 3718 in
1303 3657 1386 3716 Tha-

280 3765 369 3806 aauro
382 3745 600 3805 Ecclesiastico.
642 3746 761 3824 ltaque,
784 3745 859 3826 quid
881 3745 907 3803 si
926 3745 957 3802 in
972 3747 1074 3803 eodem
1094 3763 1183 3804 sensu
1196 3743 1385 3804 Theodosius

277 3850 384 3892 vocem
407 3829 601 3889 adhibuerit?
633 3831 749 3910 Corpus
773 3833 908 3910 profecto
921 3827 1096 3889 ldoamethis
1113 3829 1248 3888 llledinae
1271 3849 1384 3909 anper*

279 3925 433 3976 exstructa
446 3915 580 3974 aedicula
596 3916 754 3995 sepultum,
767 3915 808 3975 ita
822 3925 887 3976 uta
902 3916 1018 3975 nemine
1034 3915 1130 3996 possit
1147 3913 1293 3994 oarnpiei,
1317 3935 1382 3973 ma·

278 4000 368 4062 ximis
399 4001 442 4060 ibi
470 4020 651 4080 prorsusque
672 4001 780 4061 divinis
802 4003 915 4060 Turcas
943 4001 1084 4080 prosequi
1104 3998 1272 4058 bonoribus
1299 3997 1380 4078 apud

280 4103 381 4143 omnes
398 4085 429 4144 in
446 4095 599 4166 comperto
616 4095 669 4144 est.
711 4085 791 4146 Hinc
805 4086 850 4160 fit,
873 4087 955 4166 quod
969 4091 1059 4166 poeta
1071 4085 1197 4144 infames
1210 4083 1303 4144 hosce
1319 4083 1379 4142 cul·

216 4227 221 4236 ,
280 4175 361 4225 tores
376 4171 481 4229 merito
494 4171 622 4248 sugillet,
645 4169 697 4250 qui
710 4171 885 4231 Moamethis
900 4191 1017 4252 eorpus,
1039 4180 1192 4250 tamquam
1215 4169 1287 4250 pnri
1308 4189 1379 4228 san·

255 4270 258 4286 ¹
281 4250 381 4329 atique
393 4250 523 4312 hominis
540 4255 673 4336 spolium
684 4257 922 4338 venerabantur,
944 4255 1016 4317 dum
1031 4257 1070 4316 ob
1084 4255 1164 4317 vitae
1176 4256 1328 4316 raticnem
1342 4251 1378 4312 ab
