3042 4862
609 347 867 416 PRAEFATIO.
1190 359 1252 408 m

133 507 195 590 (ut
224 511 278 576 93.
297 507 333 571 Ι).
353 507 486 590 24..1).)ε
508 507 633 584 deinde,
653 507 735 568 idem
751 505 946 586 vooebulum,
967 505 1080 588 aliquot
1094 507 1183 571 lincie
1199 511 1249 572 iu-

132 611 296 688 turiectie,
315 610 444 671 libenter
459 611 571 672 iteruri.
604 686 608 700 Ι

238 711 316 776 vnt.
339 711 426 788 Dixi,
448 711 635 772 criminoeiue
647 712 787 789 for-teme,
814 731 891 792 quoe
906 711 940 771 in
960 710 1058 772 Leone
1075 715 1177 794 culpet
1190 715 1249 774 eli·-

133 816 240 897 quie:
260 833 320 876 nco
334 816 469 896 prolecto
490 813 594 892 eguit
612 833 695 892 eum,
717 814 769 894 qui
781 814 885 874 luudee
898 813 1055 894 scriptoris
1074 816 1247 896 cuiuepiem,

135 919 203 980 cui
217 903 404 993 etuduerim,=
414 917 484 996 plne
501 936 591 996 quem
605 914 676 975 eetie
692 914 732 976 eit
749 915 913 978 decantem.
955 917 1043 976 Nunc
1054 933 1183 997 acquum
1195 929 1249 996 eet,

137 1041 231 1102 queo
245 1020 283 1080 eb
305 1021 360 1080 illo
376 1019 487 1078 facient
495 1063 505 1095 ,
526 1019 597 1080 item
611 1003 791 1080 enuiuercre.
834 1018 879 1078 Ac
893 1017 993 1099 primo
1010 1018 1130 1098 quidem
1142 1039 1249 1097 magne

137 1133 195 1184 eet
215 1122 323 1182 Leoni·
342 1119 576 1196 commendatio,
598 1119 687 1200 quoti
700 1139 775 1200 quoe
797 1119 863 1201 ipse
875 1120 986 1182 viderit
999 1121 1109 1180 litteris
1122 1120 1248 1180 mende-

137 1223 207 1300 rit,
227 1221 442 1302 habendaeque
456 1231 501 1281 eet
516 1221 596 1282 iuter
609 1221 770 1303 eoriptoree
783 1223 867 1300 illoc,
888 1222 970 1282 uode
985 1221 1054 1299 elii,
1077 1222 1128 1302 qui
1144 1231 1249 1302 poete·

139 1325 216 1386 rius
229 1325 368 1399 fuerunt,
391 1323 474 1402 quoti
498 1325 612 1387 eioute
628 1325 784 1405 capiteque
797 1327 982 1386 narrationee
998 1344 1099 1385 rerum
1113 1325 1247 1384 deduxe-
1267 1322 1269 1334 '

140 1435 234 1488 runt.
277 1426 328 1486 Sic
344 1426 503 1505 Scyliteem
518 1436 687 1487 montetum
704 1421 766 1488 ecee
779 1429 816 1487 eb
828 1431 926 1489 hone
938 1428 1032 1488 multu
1046 1426 1247 1489 demonstravi
1262 1439 1294 1492 Ρ.
1312 1441 1336 1494 x

142 1528 183 1588 in
205 1527 300 1588 rotie:
321 1548 340 1587 u
359 1529 490 1609 Soylitne
513 1539 612 1590 eutem
632 1530 733 1590 omniu
753 1531 875 1592 minime
891 1533 1020 1606 mp'xime
1040 1529 1177 1588 eumeieec
1190 1531 1247 1589 Ge-

145 1630 279 1692 dreuum
288 1637 396 1690 notum
410 1639 474 1696 eet.»
505 1633 651 1692 Zonurem
666 1632 738 1693 item
751 1653 839 1694 ocum
854 1653 916 1693 eeee
929 1632 1062 1692 Historia
1075 1631 1183 1692 Leonis
1198 1653 1250 1692 er-
1282 1617 1285 1622 ¹

146 1732 264 1794 bitror:
278 1732 342 1796 vid.
354 1732 487 1812 Duceng.
500 1733 537 1794 ed
551 1735 656 1796 Zoner.
668 1735 704 1800 ll.
721 1741 793 1804 107.
807 1737 843 1795 B.
862 1733 983 1814 Pegium
999 1753 1117 1814 quoque
1131 1753 1170 1794 ex
1187 1755 1249 1795 uo·
1308 1741 1317 1754 '

146 1843 214 1896 etro
233 1853 303 1906 pon
322 1855 421 1915 peuce
442 1835 576 1896 videmur
600 1837 786 1916 emendueee,
807 1857 825 1895 e
844 1835 1062 1898 recentioribus
1083 1834 1116 1894 in
1132 1837 1249 1896 retio'ne

146 1947 320 2027 tmeporum
341 1923 527 2000 conturbem.
571 1938 615 1998 lte
635 1937 671 1997 ub
685 1937 743 2010 bor.
756 1949 843 2019 purte
855 1959 918 2000 neu
927 1937 1092 1998 iniucunda
1102 1938 1168 2012 ,erit
1180 1947 1249 2022 etu-¹

148 2036 245 2114 dioriu
260 2032 471 2118 bittericieque
487 2038 659 2100 hominibne
681 2027 864 2120 comparatio
885 2039 1041 2122 eoriptorie
1061 2039 1160 2100 noetri
1178 2059 1247 2100 cum

146 2141 281 2221 reliquie,
299 2141 349 2221 qui
365 2141 467 2200 eedem
478 2141 677 2201 tradiderunt.
710 2141 812 2220 Neque
827 2152 913 2221 neget
927 2143 1093 2222 quicquum,
1114 2161 1162 2202 ree
1175 2151 1249 2223 poet

147 2243 267 2304 obitum
289 2243 416 2302 Romani
434 2243 565 2304 Iuniorie
585 2243 618 2301 in
632 2242 701 2302 cula
713 2251 806 2320 gestae
823 2241 893 2334 (292
908 2244 941 2302 B.
954 2241 1037 2325 eqz),
1057 2245 1250 2304 rebellionem

146 2343 258 2406 Leonis
282 2345 478 2426 Curopaletce
495 2340 566 2428 (90.
579 2339 652 2427 Δ.),
673 2341 926 2433 bellu'l'zimiecue
943 2365 997 2424 per
1011 2343 1162 2405 Orientem
1175 2341 1249 2428 (99.

147 2447 185 2507 Δ.
210 2441 300 2531 eqq.)
321 2447 477 2508 commode
497 2448 533 2507 ub
550 2446 603 2507 illo
628 2445 753 2527 exponi,
773 2440 889 2506 bellom
905 2433 1247 2528 Sphendoetblcbienum

54 2597 61 2615 .
146 2550 217 2610 fure
230 2567 351 2628 quoquc
365 2570 400 2610 ec
412 2549 576 2628 diligenter.
620 2550 663 2609 De
674 2547 844 2630 Nicephorc
858 2549 985 2629 periurii
997 2569 1049 2610 reo
1062 2551 1112 2618 25.
1127 2552 1162 2610 D.
1174 2551 1247 2612 ectio

147 2669 254 2730 meque
276 2649 430 2729 libertate,
452 2652 489 2712 de
505 2650 649 2712 Tzimicce
665 2651 755 2712 huius
771 2671 945 2732 percussore
962 2671 1063 2713 eevere
1082 2661 1112 2712 et
1126 2652 1248 2716 sortiter

148 2753 287 2833 ecripeit,
308 2745 346 2812 ut
362 2752 512 2814 bominem
526 2753 602 2814 recti
615 2751 793 2834 honestique
807 2751 975 2812 etudiceum
993 2753 1082 2814 facile
1096 2774 1246 2834 eguoecce.

147 2858 286 2937 lienique
304 2858 448 2931 leonem,
469 2856 653 2936 temporibue
679 2855 794 2916 miserie
817 2863 848 2914 et
869 2853 963 2919 ceecie
982 2855 1018 2914 ed
1039 2852 1195 2916 bietoricm
1216 2877 1249 2918 ee

150 2960 368 3034 conferentem,
389 2957 494 3035 inique
513 2977 666 3038 comperce
690 2977 756 3016 cum
777 2956 1059 3036 pronunciatoribue
1072 2979 1171 3020 rerum
1191 2979 1246 3039 ge-

150 3071 264 3122 eterum
283 3059 409 3120 florente
431 3059 569 3136 Graecia,
590 3059 670 3139 qui,
691 3057 876 3118 cuniculum
894 3058 974 3118 neoti
993 3059 1128 3139 lelicine,
1156 3081 1246 3122 curce

150 3151 295 3222 cnemis
312 3143 532 3238 fucultatem,
553 3161 611 3222 toti
623 3171 769 3220 terrerum
781 3159 847 3220 orbi
863 3168 951 3240 etque
966 3161 1103 3222 omnibus
1119 3163 1246 3223 eeeculie

151 3261 331 3342 cognitionie
349 3271 379 3322 et
396 3264 580 3343 eloquentiae
600 3263 761 3323 clarieeimc
774 3261 888 3322 lumine
900 3262 1061 3322 accendere
1072 3273 1246 3343 potuerunt.
1348 3320 1354 3333 ,

150 3363 258 3424 Noster
270 3363 398 3442 iudicio,
421 3365 573 3452 doctrina,
592 3384 698 3444 genere
711 3363 846 3441 dicendi„
869 3363 1035 3444 exprimere
1050 3364 1153 3424 debuit
1168 3375 1246 3445 tem·

130 3467 260 3546 'porum
279 3485 401 3526 enorum
420 3466 587 3546 imaginem.
632 3466 837 3544 Quapropter,
857 3467 947 3526 modo
966 3467 1064 3526 lucem
1084 3467 1175 3526 eddet
1190 3487 1246 3528 re-

150 3567 205 3627 bue
226 3587 259 3626 ee
282 3576 378 3628 eetete
400 3570 489 3648 gestie
510 3566 611 3653 (quod
630 3567 768 3648 prolecto
790 3567 898 3648 lecit),
920 3568 1008 3630 facile
1026 3571 1154 3641 feramur
1178 3589 1247 3632 cum

150 3669 327 3748 emologirc
344 3669 433 3730 fidem
455 3671 592 3732 hebuieec
614 3671 685 3737 104.
700 3671 734 3730 C.
749 3669 883 3748 exignum
898 3670 1094 3750 geographiae
1109 3672 1248 3730 notitiem

149 3772 277 3852 prodere
296 3775 345 3838 80.
368 3774 416 3834 A:
423 3773 565 3836 bietoriee
588 3775 697 3836 veterio
711 3780 762 3842 92.
779 3775 811 3836 D.
823 3805 866 3820 -
877 3771 993 3851 Polybii
1014 3791 1137 3832 acumen
1152 3773 1245 3832 mire-

149 3893 235 3950 mur,
256 3875 411 3934 Plutcrcbi
425 3875 555 3955 litterae,
577 3879 693 3958 copiam
709 3874 875 3936 Strabonis.
920 3873 980 3946 Qui
994 3874 1072 3932 tenti
1084 3873 1144 3934 viri
1158 3885 1246 3954 etque

149 3976 234 4054 tolet,
249 3975 574 4060 praeridiieeepientioe
589 3977 790 4058 circumsepti,
804 3963 829 4036 ii
842 3993 959 4038 errores
973 3975 1130 4055 deponere,
1143 3976 1249 4055 lapeue

149 4077 367 4140 vitereomnee
388 4101 451 4140 uon
469 4089 648 4160 potuerunt,
670 4079 740 4160 quie
760 4087 822 4172 tem
839 4075 925 4154 rudie
939 4085 984 4136 cet
997 4084 1167 4157 temporum
1178 4076 1246 4156 By-

149 4185 356 4260 economum,
376 4183 431 4263 qui
442 4185 570 4244 Leonem
592 4183 625 4244 id
643 4179 779 4264 potuine
802 4177 912 4260 putet?
958 4225 963 4246 ,

232 4287 288 4348 lx.
307 4287 397 4350 Hunc
407 4285 575 4366 igitur,an
585 4285 698 4348 virtute
709 4279 863 4359 niumm
877 4298 1071 4360 quoecumque
1085 4289 1139 4356 eet,
1160 4297 1247 4360 pree·
