2746 5242
342 701 650 806 uranonosn
669 735 904 833 acaouas.
1100 728 1177 810 tta

170 895 222 964 46.
243 889 487 974 manteau]
508 892 675 965 Damnum,
698 893 781 973 quod
799 893 918 956 barbari
935 893 1055 960 Graecia
1069 898 1184 964 taam
1255 893 1264 914 '

85 979 285 1058 conabantur,
308 989 412 1038 contra
430 979 512 1058 ipaoa
527 979 664 1037 cedebat=
685 999 755 1038 nam
775 979 880 1040 Graeci
900 983 1043 1042 teatudiai
1063 985 1183 1066 incluai,

85 1085 124 1124 ax
145 1065 239 1144 ipsias
256 1063 410 1124 machinae
424 1063 567 1122 manabat
584 1063 722 1122 conaalto
739 1063 813 1123 tatia
830 1063 863 1123 in
877 1063 952 1124 locia
972 1067 1010 1126 ad
1024 1065 1084 1126 hoc
1097 1072 1183 1130 exci-

84 1151 142 1226 aia,
164 1159 267 1208 contra
288 1147 358 1208 illoa
372 1147 431 1206 tela
453 1147 628 1224 mittebant,
655 1168 730 1228 qnae
749 1169 799 1208 eoa
820 1169 913 1232 aupra
932 1159 1030 1212 turrea
1049 1162 1079 1214 et
1098 1174 1183 1216 moa-

81 1235 133 1293 nia
149 1234 180 1294 in
197 1243 331 1314 apertam
347 1242 460 1292 stantes
495 1233 636 1292 Iarimum
650 1233 814 1295 laedebant.

167 1319 219 1384 48.
248 1312 357 1396 Kalaa]
386 1316 435 1376 Sic
459 1255 581 1392 ⁴boden,
613 1317 768 1380 Corneliae
791 1317 876 1380 ahter
897 1319 1030 1400 ‚legerat,
1057 1320 1178 1382 aedita

82 1402 300 1464 emendandam
316 1402 391 1460 bene
409 1401 598 1461 coniectavit.

168 1489 217 1553 52.
241 1481 362 1568 quda]
385 1487 441 1546 I'ro
456 1491 535 1568 κῆρα
548 1485 680 1566 positum
693 1487 838 1564 arbitror,
861 1507 915 1548 eeu
930 1508 1030 1550 errore
1050 1487 1177 1568 librarii,

81 1591 136 1630 aea
164 1570 266 1650 potina
290 1571 357 1632 aevi
376 1571 452 1632 vitio
461 1617 471 1649 ,
491 1591 551 1650 quo
570 1571 699 1634 Graecae
719 1571 838 1652 linguae
859 1573 1003 1654 elegantia
1018 1595 1125 1654 magna
1139 1593 1178 1636 ex
1234 1567 1235 1570 ¹

77 1665 165 1736 parte
183 1655 318 1735 perierat.
526 1687 528 1692 v
804 1651 809 1664 ’

164 1743 215 1806 53.
246 1735 374 1822 Κριούς]
405 1739 609 1820 Nicephorum
632 1737 723 1801 haece
744 1739 897 1802 machinae
920 1741 959 1804 ad
980 1741 1180 1824 oppugnanda

81 1827 297 1886 Saracenorum
317 1827 432 1884 moenia
448 1826 617 1885 adhibaiaaa
634 1835 751 1886 narrrat
771 1826 860 1886 etiam
875 1827 934 1886 heo
952 1827 1115 1904 Diaconaa,
1135 1827 1180 1886 ita
1231 1905 1233 1908 Ι

78 1911 228 1970 scribent:
254 1913 322 1990 Qua
337 1933 369 1969 re
381 1923 539 1990 peraperta
554 1915 683 1970 Praetor
699 1914 857 1990 petrariae
874 1923 1065 1992 quantocyua
1078 1909 1180 1972 addu-

79 1997 135 2070 xit,
158 1997 280 2074 illicque
291 1993 431 2100 lapidup
445 1996 538 2055 imbre
557 1996 703 2054 barbarae
715 1999 782 2076 peti
803 1999 906 2058 iuaait.
934 1995 990 2056 Ad
1000 1997 1075 2056 haec
1088 1999 1181 2055 etiam

81 2079 298 2138 obsidionalem
312 2083 507 2160 peculiarius
532 2081 707 2138 machinam
734 2078 872 2162 (arietem
895 2083 1032 2142 Romana·
1053 2079 1180 2162 uocant)

80 2161 237 2222 adhibuit:
261 2169 407 2244 petrariia
428 2179 531 2240 autern
553 2165 656 2225 crebra
678 2187 823 2224 carorum
840 2165 978 2246 pondera
996 2167 1180 2240 rotantibus,

71 2251 170 2326 sacili
182 2254 300 2328 negotio
314 2252 452 2308 Barbari
463 2255 588 2330 repreaei
606 2262 692 2310 aunt:
715 2255 893 2332 interimque
906 2255 998 2312 ariete
1011 2254 1109 2312 murt'a
1123 2249 1181 2310 ad-

81 2345 162 2391 moto
190 2337 305 2390 maiore
325 2337 440 2413 impetu
464 2339 631 2414 quatiente,
659 2338 720 2394 viri
739 2357 799 2396 non
806 2339 906 2416 pauci
914 2338 1043 2416 saraam
1055 2337 1181 2398 subiere.
1198 2351 1255 2408 σοι,
1272 2349 1317 2410 2¹
1356 2379 1358 2388 .

82 2417 151 2479 Vid.
163 2417 231 2494 Peg.
245 2414 317 2476 ibid.
332 2439 397 2496 pag.
415 2421 488 2483 874.

15 2529 18 2534 ¹
166 2501 243 2562 lbial.
269 2504 440 2575 Χελωνίους
464 2500 583 2581 τέχνας]
613 2501 787 2562 Testudinco
813 2501 929 2562 acilicet
947 2503 1180 2586 oppugnatoriao

79 2586 116 2645 ab
131 2585 185 2659 iia,
210 2605 281 2664 quaa
297 2607 388 2664 capra
406 2589 597 2658 memoravit,
619 2585 765 2662 diversae,
787 2585 914 2666 ideoque
936 2597 965 2647 et
985 2587 1022 2646 ab
1046 2589 1180 2650 coalitu·

77 2679 278 2748 nuncupatae.
312 2669 385 2730 Erat
403 2669 478 2730 baec
497 2669 631 2730 machina
652 2679 782 2750 quatuor
800 2669 923 2730 raffau
939 2673 1033 2747 rotie,
1058 2693 1117 2752 quo
1135 2673 1178 2730 fa-

79 2755 184 2830 ciliaa,
206 2754 259 2813 ubi
278 2776 353 2836 opua
368 2756 459 2831 foret,
475 2755 650 2831 veheretur,
673 2755 830 2834 crudisque
847 2755 1021 2816 animalium
1036 2757 1125 2816 coriia
1139 2755 1179 2815 ad

75 2839 123 2900 eui
137 2839 291 2898 munimen
305 2841 490 2900 extrinsecae
505 2849 654 2902 contexta.
699 2839 878 2900 continebat
891 2860 925 2899 ea
937 2837 1045 2900 militen
1060 2841 1098 2899 ad
1111 2861 1178 2900 ma·

76 2945 129 2986 roa
146 2923 368 2999 suffodiendoa,
390 2933 419 2984 et
433 2927 471 2984 ad
488 2947 536 2984 eoa
551 2923 850 3002 deindequaaaaudoa
866 2925 992 2984 hbratua
1007 2925 1081 2984 ariea
1101 2945 1178 2983 con-

76 3009 285 3088 torquebatur.
332 3010 453 3088 Optima
474 3030 539 3068 eam
559 3009 718 3088 deacripait
736 3007 818 3069 hiace
834 3009 933 3070 verbia
950 3009 1107 3070 Vitruviae
1123 3008 1176 3070 lib.

76 3095 116 3154 X.
141 3114 205 3174 cap.
231 3099 286 3160 19:
320 3093 425 3154 Cetraa
451 3106 549 3153 autem
573 3091 798 3156 Chalcedonius
824 3092 861 3154 de
890 3097 1021 3152 materia
1038 3097 1179 3174 primurn

77 3179 176 3238 burim
195 3181 337 3238 subiectia
350 3183 427 3239 rotia
435 3183 523 3270 feu,
546 3201 698 3260 supraque
713 3182 859 3259 compegit
876 3182 1063 3256 arrectariis,
1085 3190 1113 3236 et
1127 3181 1178 3236 iu·

74 3265 129 3342 gia
144 3285 247 3334 aaran
261 3276 288 3322 et
303 3265 397 3324 inhia
411 3264 568 3345 arrapendit
583 3268 716 3342 arietem,
740 3267 889 3345 coriahque
905 3263 1028 3324 bubulis
1043 3267 1124 3342 texit,
1142 3271 1177 3321 nt

76 3349 205 3406 tutiores
224 3362 334 3427 eareat,
355 3355 411 3431 qui
433 3354 465 3409 in
486 3374 521 3410 aa
538 3351 762 3410 machinatione
786 3347 831 3410 ad
838 3347 1031 3430 patrandum
1052 3368 1177 3408 murum

76 3445 172 3492 eeaent
184 3436 332 3494 collocati.
363 3435 402 3494 ld
415 3447 526 3512 autem,
544 3435 629 3516 quod
641 3435 747 3494 tardor
760 3447 888 3494 conatua
900 3435 1029 3506 haberet,
1045 3431 1178 3492 teatuda'-

76 3539 144 3578 nem
160 3521 339 3578 arietariam
350 3521 502 3602 appellare
516 3525 620 3599 coepit.
643 3519 818 3580 Huiusmodi
832 3519 985 3578 machinae
995 3519 1111 3578 iconem
1125 3537 1177 3576 ex·

75 3601 174 3662 hibuit
190 3603 306 3684 Lipsiae
321 3603 353 3662 in
370 3606 572 3682 Polyorcetico
591 3605 664 3662 lIiaI.
682 3603 758 3662 VIII.
773 3605 857 3665 Tam.
867 3603 921 3663 111.
936 3603 1014 3684 Opp.
1027 3605 1176 3682 pag·279.

162 3687 212 3754 55.
237 3683 399 3768 Kaipiana
414 3683 600 3767 taaattaav]
623 3687 724 3746 Scalae
738 3686 793 3744 hae
808 3695 895 3762 aunt,
916 3705 992 3765 qaae
1010 3683 1176 3763 compacti-

75 3771 138 3844 les,
160 3769 213 3832 acu¹
225 3773 361 3832 aoIatiIea
378 3773 560 3832 dicebantur.
603 3771 665 3830 liae
680 3771 817 3852 pluribaa
835 3769 1012 3848 constabant
1027 3767 1174 3850 partibua,

76 3877 238 3937 earumque
253 3859 362 3937 gradua
376 3859 419 3917 ita
434 3868 516 3918 erant
531 3855 704 3936 compositi,
726 3864 761 3914 ut
779 3854 865 3914 facile
878 3851 1043 3936 removeri,
1066 3873 1100 3912 ac
1115 3851 1176 3911 ati-

76 3941 139 4024 pite
155 3953 278 4003 coeunte
291 3944 373 4022 qaaai
387 3947 417 4003 in
432 3943 566 4021 vaginam
581 3940 704 4000 recondi
719 3947 850 4018 poeaeut.
878 3939 1034 4019 Κλίμακας
1047 3931 1172 4018 anavair,

75 4025 135 4086 hoc
149 4038 194 4087 eat
205 4029 309 4086 aculae
317 4029 483 4106 plicatilea,
497 4025 660 4108 appellavit
672 4025 738 4084 illae
753 4023 906 4104 Appianae
919 4024 950 4082 in
964 4021 1094 4097 Ibericia,
1114 4041 1175 4078 ma.

75 4113 177 4190 giaqaa
191 4115 226 4172 ad
241 4134 303 4172 rem
322 4107 455 4173 noctram
474 4109 629 4188 διαλυτὰς,
647 4109 784 4168 aolutilea
797 4129 921 4188 nempe,
943 4103 1120 4168 Plutarchus
1138 4105 1172 4162 in

73 4195 160 4257 Arati
177 4197 245 4258 Vita
268 4218 333 4278 pag.
354 4201 426 4264 317.
449 4199 560 4257 abiait
581 4205 704 4256 uratum
725 4193 915 4254 obaeaauram
937 4193 1095 4273 Sicyonem
1123 4208 1185 4266 aaa¹

74 4281 109 4340 in
121 4283 236 4342 modica
252 4283 462 4342 frumentariae
476 4281 624 4341 coniectae
645 4279 855 4341 recondidiaee.

161 4369 212 4432 57.
236 4363 285 4446 Oi]
307 4367 396 4426 Hanc
418 4388 435 4426 a
457 4367 594 4427 Cornelio
617 4365 757 4426 omiaaum
784 4363 946 4426 arfictdam
967 4377 1035 4422 cum
1061 4355 1173 4418 Codice

74 4452 270 4514 restituimur.

164 4541 216 4604 61.
243 4533 302 4611 Te'c
316 4530 420 4617 κόρας]
442 4535 587 4596 Terribile
603 4544 683 4597 certe
699 4543 874 4614 stratagema
888 4529 926 4590 ed
942 4525 1171 4590 terrefaciendoe

77 4621 178 4684 hoatea
200 4619 404 4702 aNicephoro
424 4623 621 4700 excogitatum
631 4667 640 4700 ‚
662 4620 791 4680 iaciendi
813 4636 920 4697 nempe
938 4615 1099 4676 landarum
1116 4627 1175 4691 ope

77 4709 203 4768 abaciaaa
218 4707 413 4768 barbarorum
436 4707 551 4788 capita,
572 4716 608 4768 at
626 4707 675 4770 vel
688 4707 725 4766 ab
739 4703 813 4787 ipaia
828 4701 1004 4764 concivibus
1024 4700 1087 4761 auia
1100 4715 1174 4780 par·

143 4807 198 4881 ¹¹⁰⁰.
212 4807 351 4863 minuma.
553 4855 555 4858 .
923 4787 966 4854 35
980 4869 990 4888 ι
