2746 5242
196 417 273 494 542
399 432 438 498 N.
458 430 505 498 Μ.
527 428 727 500 FOGGlNll
747 429 1090 501 ADNOTATIONES

192 588 287 650 semel
296 587 377 668 apud
388 577 687 670 Graecosscriptores
698 589 839 650 occurrit.
881 589 940 650 Hic
956 599 1053 652 sutem
1067 591 1212 671 peculiari
1225 615 1296 654 ma·-

195 676 240 752 gis
262 673 477 751 significatione
495 695 551 754 pro
570 675 750 735 advocandis
772 676 809 736 ad
827 677 941 736 bellum
955 677 1100 736 militibus
1116 688 1296 758 usurpatum

195 759 333 819 videturs
356 759 428 818 adeo
444 769 477 818 ut
492 779 600 839 praeco
614 761 755 822 bellicum
769 761 840 820 tuba
856 781 963 820 canens
981 759 1156 840 pbalangem
1173 783 1190 823 e
1207 775 1294 844 septo

194 841 249 902 illo
269 844 472 918 advocaverit,
494 853 523 904 at
537 845 688 922 eduxerit,
709 865 784 924 quae
796 846 827 904 in
841 845 980 908 barbaros
994 845 1128 909 irrueret.

280 950 352 1012 231.
373 939 454 1008 Ἐκεῖ
470 942 504 1007 ad
523 944 656 1024 πλῆθος]
677 946 839 1006 Pulchrum
854 947 988 1026 prolecto
1005 948 1167 1029 Nicephori
1182 960 1294 1010 strata·

195 1049 278 1108 gema
295 1031 463 1090 collocandi
476 1031 508 1088 in
523 1030 621 1088 Fronte
634 1030 788 1110 phalangis
805 1035 939 1111 captivos
953 1032 1102 1109 barbaros,
1125 1045 1159 1093 ut
1175 1036 1207 1093 in
1222 1055 1295 1094 con-

195 1125 303 1196 spectu
316 1137 438 1176 suorum
455 1115 565 1174 civium
580 1126 766 1192 necarentur,
781 1119 871 1176 acvel
887 1119 929 1175 sic
944 1119 1083 1176 commoti
1101 1121 1240 1178 Saraceni
1256 1119 1295 1180 ad

194 1221 325 1280 pugnam
342 1203 423 1261 exire
441 1201 673 1260 concitarentur.
715 1203 817 1260 Simile
834 1203 906 1280 quid
922 1211 1096 1280 stratagema
1110 1215 1215 1262 contra
1227 1207 1295 1264 Sar·

195 1287 248 1346 des
274 1307 290 1342 a
315 1287 393 1366 Cyro
416 1285 615 1364 excogitatum
638 1287 730 1346 refert
750 1289 916 1366 Polyaenus
933 1290 1059 1366 Stratag.
1083 1289 1294 1370 lib.V11.cap.

196 1375 226 1436 6.
242 1389 322 1429 num.
339 1375 370 1436 3.

281 1475 353 1537 237.
378 1467 459 1554 Πρὸς
477 1469 605 1554 τάφρον]
627 1475 718 1534 Fossa
737 1473 811 1533 haec
828 1475 878 1532 illa
893 1481 953 1550 est,
977 1493 1062 1554 quam
1078 1475 1242 1533 Saracenos
1257 1473 1296 1534 ad

196 1555 241 1614 sui
262 1557 426 1616 custodiam
446 1557 582 1617 effodisse
603 1561 648 1619 sic
668 1571 785 1620 enarrat
803 1561 859 1618 Leo
873 1559 1037 1617 Diaconus:
1059 1557 1253 1618 Accedebant
1268 1571 1296 1616 et

196 1639 279 1699 duaa
300 1645 333 1700 in
357 1643 458 1702 lotum
478 1665 572 1722 quom
592 1649 720 1702 maxime
744 1643 854 1702 ductae
865 1644 984 1721 suasae,
1006 1655 1099 1722 atque
1107 1637 1295 1722 prestandum

197 1723 411 1806 quez‘undc'quc
424 1732 643 1787 munimntum
651 1739 852 1808 praestarent,
884 1729 949 1790 Vid.
965 1729 1033 1808 Peg.
1048 1729 1120 1788 erit.
1135 1729 1166 1786 ia
1182 1729 1293 1792 Annal.

194 1811 400 1874 barontum.
420 1813 471 1871 Ill.
488 1834 554 1893 pag.
572 1814 643 1878 874.

281 1917 352 1979 289.
375 1911 452 1990 Kos]
475 1913 518 1972 lta
539 1913 653 1972 Codex:
676 1922 705 1974 et
720 1913 764 1972 sic
778 1933 896 1994 quoque
910 1911 949 1973 ad
960 1934 1043 1974 oram
1057 1913 1181 1996 paginae
1195 1913 1295 1972 corri-

194 1995 324 2074 gendum
347 1995 503 2056 adnotavit
526 1999 690 2059 Cornelius.

193 2159 194 2162 ,
279 2097 352 2164 256.
375 2099 565 2178 Παῤῥησίαν]
590 2101 631 2160 Da
642 2097 766 2174 viribus,
788 2099 838 2158 vel
857 2098 897 2158 de
907 2098 1000 2158 animi
1014 2098 1126 2160 virtute
1140 2099 1294 2178 explican.

193 2179 263 2242 dam
275 2181 354 2244 banc
372 2206 475 2244 vocam
491 2205 653 2260 censemus,
677 2205 710 2243 ao
724 2203 828 2264 nempe
846 2205 944 2258 sensu,
967 2204 1026 2262 quo
1043 2185 1125 2244 illam
1142 2185 1296 2263 significa·-

190 2267 275 2326 'tione
299 2269 355 2328 sibi
370 2271 465 2330 minus
486 2270 607 2350 propriu
623 2269 785 2328 adhibitam
799 2270 887 2328 fuisse
900 2269 1004 2328 scribit
1022 2269 1225 2330 Pbavorinus:
1247 2265 1296 2332 'Est

192 2345 302 2418 τούτου
322 2353 355 2418 δὲ
377 2361 615 2436 καταχρηστικῶς
634 2355 745 2436 ἐρόἕθη
765 2355 918 2435 παρῤησία
937 2353 988 2416 aul
1010 2349 1043 2416 td
1063 2350 1182 2435 θάρῤος
1202 2352 1295 2434 καὶὴ

80 2431 138 2485 ⁰⁰¹·
156 2433 175 2487 2
193 2435 321 2512 ἐξουσία.
353 2443 402 2500 Ex
413 2441 471 2500 hoc
487 2453 590 2500 autem
602 2463 658 2519 per
673 2440 846 2498 abinionem
861 2439 1013 2520 iruddnct'u
1028 2437 1113 2498 dicta
1128 2451 1171 2498 eat
1185 2452 1211 2498 et
1227 2441 1295 2498 ani·

192 2525 236 2580 mi
257 2528 371 2604 strias,
393 2537 421 2586 et
435 2529 523 2590 atres.
568 2525 687 2607 [Caesar
700 2545 763 2584 non
776 2525 905 2606 amplius
920 2524 1042 2584 audebit
1053 2544 1101 2584 res
1115 2545 1131 2583 a
1145 2543 1178 2584 se
1198 2535 1293 2604 gestas

190 2607 311 2669 iactare.
389 2611 394 2617 “

276 2609 349 2762 26]0.
372 2689 485 2770 Κύζικε
509 2687 746 2777 συνθρήνησον]
772 2691 814 2752 lle
835 2692 936 2771 Cyzici
957 2692 1149 2754 obsidiones
1173 2691 1294 2752 Mithri·
1319 2765 1321 2768 Ι

191 2773 259 2839 date
274 2779 370 2858 posita
386 2779 446 2858 agit
460 2781 563 2839 Cicero
572 2801 631 2858 pro
647 2783 728 2857 Lege
745 2779 879 2836 ,marsilia
891 2779 923 2836 in
936 2777 1096 2858 principio,
1120 2777 1171 2837 ubi
1185 2780 1216 2835 L.
1231 2780 1294 2836 Lu-

192 2863 266 2921 culli
289 2865 406 2942 laudes,
430 2865 482 2943 qui
508 2865 649 2946 Cyzicum
665 2864 701 2921 ab
717 2864 937 2942 oppugnatione
949 2861 1129 2922 Mithridatis
1147 2863 1293 2937 liberavit,

190 2950 374 3028 perstringit.
418 2951 530 3009 Verum
548 2950 672 3028 propius
687 2947 777 3006 hosce
790 2968 894 3008 versus
907 2948 1040 3006 illustrat
1057 2949 1215 3028 Appianas
1229 2947 1293 3006 Ale·

190 3032 356 3092 xundriraua
377 3031 413 3090 da
436 3035 512 3093 bellu
533 3031 747 3094 Mithridatico
776 3053 804 3112 p.
819 3038 890 3099 221.
913 3053 965 3092 seu
985 3033 1023 3092 al.
1043 3036 1118 3098 871.
1140 3033 1191 3112 qui
1213 3032 1293 3092 urbis

191 3116 367 3182 inuuidiam
391 3117 548 3196 describit,
578 3118 659 3199 quod
676 3116 728 3176 hic
749 3128 894 3178 memorat
915 3117 1106 3178 Theodosius.
1149 3119 1195 3178 lta
1215 3118 1294 3176 enim

190 3202 306 3280 inquit:
351 3205 413 3266 Kal
430 3201 501 3268 crida
523 3199 626 3278 αὐτοῖς
646 3198 878 3284 φερεπονῶτατα
894 3200 931 3282 δή
949 3206 1197 3277 κακοπαθοῦσιν,
1215 3197 1295 3282 ὅμως

191 3311 225 3370 γε
237 3293 295 3352 τοῦ
309 3291 423 3370 τείχους
438 3287 556 3372 ἐκαύθη
569 3315 598 3352 as
614 3289 665 3353 nul
680 3287 842 3352 συνέπεσεν
857 3289 899 3361 εἰς
914 3287 1054 3366 ἑσπέραν
1070 3282 1109 3348 ου’
1119 3283 1182 3366 μήν
1197 3285 1295 3364 todo·

192 3372 225 3438 σε’
239 3397 284 3450 τις
302 3371 483 3456 doctrinaver-
505 3377 548 3442 ἔτι
564 3372 681 3459 θερμόν
690 3418 699 3450 ,
722 3367 790 3436 a’n’
808 3368 895 3434 αὐτοὶ
911 3368 1015 3446 νυκτὸς
1028 3365 1134 3436 αὐτίκα
1151 3393 1295 3454 captasse·

190 3452 329 3538 δόμησαν
350 3461 381 3524 oi
401 3464 574 3543 Κυζικηνοί.
623 3461 771 3520 Attamen
792 3479 908 3516 omnem
926 3459 1060 3516 laborem
1071 3458 1296 3535 patientissime

186 3544 333 3621 saranica,
357 3547 473 3625 efficere
487 3571 547 3608 non
564 3555 742 3628 potuerunt,
758 3545 832 3624 quin
848 3545 1088 3621 parmensium
1105 3553 1214 3600 exusta
1227 3563 1296 3598 cor-

98 3667 103 3670 -
190 3641 288 3694 rueret
308 3632 366 3689 aab
388 3654 557 3713 uesperam:
579 3631 635 3692 aad
647 3642 773 3712 propter
791 3629 923 3688 colorem
945 3625 1182 3698 incendiinemo
1198 3628 1297 3685 susti·

190 3718 262 3774 nuit
277 3719 461 3797 irrumpere:
481 3741 588 3780 oerum
608 3721 669 3800 ipsi
691 3717 828 3795 Cyziceni
840 3725 932 3772 noctu
946 3713 1178 3772 substraxerunt
1188 3714 1296 3770 muni-

190 3803 301 3862 tionem
325 3805 433 3870 aliam.

274 3911 346 4004 2b1.
368 3900 560 3991 Ἰσοκρατεΐς]
583 3907 629 3966 Ita
652 3905 728 3966 bane
752 3899 971 3964 emendandum
993 3899 1053 3958 iam
1073 3897 1189 3960 viderat
1205 3897 1296 3958 stiam

147 4089 149 4094 '
189 3989 355 4142 C⁰fl¹⁰2lg¹5t·
369 4075 496 4156 Elateia]
520 4076 564 4134 lta
585 4082 665 4134 certa
682 4073 839 4152 legendum
859 4080 919 4148 est,
941 4091 1004 4130 non
1024 4063 1125 4138 εἶπον,
1147 4076 1184 4128 ut
1199 4067 1297 4127 edidit

185 4157 356 4239 Cornelius,
380 4163 431 4242 qui
453 4171 553 4222 umen
573 4161 670 4224 alneio
693 4157 901 4240 reponendum
924 4176 1002 4234 essa,
1025 4165 1056 4214 et
1072 4155 1136 4234 ipsa
1161 4151 1294 4213 adnota-

184 4251 341 4394 νΜΞΉ·
362 4329 415 4404 Ὡς
432 4326 471 4396 dv
486 4332 592 4415 βαδίζῃ
609 4329 685 4411 χείρ]
709 4329 756 4388 Ex
772 4327 819 4386 his
840 4311 962 4385 duobus
977 4319 1144 4380 Theodosii·
1157 4321 1293 4401 versibus

183 4421 286 4493 aperta
305 4413 477 4496 colligitur,
500 4437 569 4478 sum
591 4417 639 4478 vel
661 4413 830 4496 scripsisse,
851 4411 902 4474 val
925 4417 1004 4470 certe
1025 4406 1217 4480 conscribere
1237 4425 1295 4468 vo·
