2722 5272
379 799 440 864 an
461 797 748 894 memnonem
767 799 960 867 euocare.
1122 789 1198 870 359

102 955 178 1032 lati,
201 949 246 1028 ι9)
269 954 386 1032 criniti,
408 955 496 1017 talari
514 956 618 1017 tunica
639 955 739 1016 induti
758 976 848 1038 penes
868 977 924 1016 nos
943 955 1094 1036 equitant,
1117 959 1197 1022 ince-

100 1059 195 1132 dunt,
217 1041 334 1118 mensae
347 1059 487 1135 assident,
509 1070 548 1133 et,
570 1059 651 1139 quod
664 1059 775 1120 nostris
791 1059 928 1119 omnibus
941 1057 1032 1119 nimis
1048 1070 1135 1142 turpe
1149 1043 1197 1122 ii-

99 1159 206 1235 detur,
226 1158 286 1240 ipsi
306 1161 364 1220 soll
381 1162 477 1242 capite
499 1172 603 1242 operto
618 1163 815 1242 Imperatores
840 1169 958 1220 nostros
977 1161 1196 1226 deosculentur.

98 1259 190 1334 Quod
205 1281 268 1319 non
284 1263 411 1342 amplius
427 1262 492 1324 fieri
510 1264 586 1324 Deus
601 1265 771 1345 permittat,
791 1263 900 1324 tacitus
919 1263 993 1326 dixi.
1037 1265 1226 1330 Reverterec

97 1381 185 1440 ergo,
212 1362 329 1442 inquits
350 1365 434 1444 quod
454 1385 522 1426 curn
538 1367 683 1446 iacerem,
707 1374 872 1426 oceumuut
890 1364 965 1424 milri
979 1366 1127 1426 comnristi
1143 1387 1195 1426 ca·

96 1464 191 1544 prais,
222 1471 301 1542 quos'
326 1465 383 1546 ipsi
408 1465 532 1544 dicunt,
561 1468 674 1546 onagri
724 1467 784 1528 Sed
813 1487 919 1546 quaeso
941 1469 1044 1547 quales
1067 1469 1193 1548 onagri'i

98 1567 201 1646 quales
216 1575 288 1625 sunt
303 1568 464 1626 Cremonae
480 1567 642 1629 domestici.
684 1570 775 1630 Color
786 1569 876 1646 idem,
898 1570 994 1630 forma
1010 1570 1120 1646 eudem,
1142 1591 1193 1630 au-

97 1668 151 1727 riti
172 1667 293 1746 itidem,
315 1671 436 1730 vocales
459 1671 596 1731 similiter
617 1691 685 1730 cum
705 1671 811 1732 rodere
832 1670 1000 1752 incipiunt,
1021 1673 1191 1752 magnitudo

97 1789 159 1829 non
175 1770 291 1850 dispar,
313 1771 458 1831 velocitas
476 1791 555 1850 una,
576 1773 677 1834 dulces
698 1774 778 1854 lupis
796 1793 906 1853 seque;
929 1793 1003 1853 quos
1022 1795 1091 1834 cum
1109 1773 1192 1835 vide.

97 1889 178 1946 rem,
195 1873 377 1951 coequitanti
391 1875 505 1936 Graeco
518 1875 658 1954 inquam:
686 1873 856 1936 huiusmodi
867 1895 1029 1954 numquam
1047 1877 1080 1934 iu
1094 1878 1191 1935 Saxo-

97 1971 148 2031 nia
160 1973 232 2034 vidi.
276 1974 325 2051 Si,
345 1976 460 2054 inquit,
481 1977 625 2037 Dominus
646 1986 715 2037 tuus
732 1979 841 2038 Sancto
862 1977 1039 2058 Imperatori
1059 1977 1189 2055 morige-

95 2082 179 2134 ratus
195 2076 301 2153 fuerit,
312 2147 313 2150 Ἴ
325 2079 435 2137 multos
447 2077 494 2138 illi
509 2078 683 2140 huiusmodi
700 2079 799 2158 dabit,
825 2080 939 2160 eritque
951 2078 998 2137 illi
1012 2098 1075 2139 non
1094 2097 1188 2159 parva

94 2177 205 2255 gloria,
231 2199 300 2238 cum
314 2179 378 2260 ipse
392 2180 573 2260 possidebit,
597 2182 677 2261 quod
695 2201 782 2242 nemo
797 2181 986 2242 dominorum
1001 2180 1188 2240 decessorum
1288 2225 1293 2236 .

93 2297 217 2338 suorum
234 2279 322 2338 vidit.
366 2281 424 2340 Sed
444 2281 520 2340 mihi
533 2283 644 2344 credite
658 2283 778 2344 Domini
792 2283 850 2342 urei
863 2282 1006 2361 Augusti,
1037 2283 1189 2342 confrater
1288 2323 1296 2338 a

94 2388 125 2437 et
149 2380 350 2460 coepiscopus
379 2403 461 2442 meus
489 2383 633 2444 Dominus
657 2384 806 2444 Antonius
826 2392 925 2464 potest
948 2403 1011 2442 uon
1033 2383 1219 2446 inferioresD

94 2478 180 2558 dare,
207 2491 242 2540 ut
262 2485 437 2544 commercia
451 2493 613 2563 testantur,
632 2505 706 2564 quae
723 2487 802 2545 fiunt
816 2487 993 2546 Cremonae:
1021 2495 1109 2564 atque
1127 2485 1188 2564 ipsi

93 2601 157 2640 non
179 2585 299 2662 onagri,
324 2587 376 2646 sed
395 2586 567 2662 domestici3
595 2607 658 2645 non
675 2587 781 2663 vacui,
804 2587 857 2646 sed
873 2587 986 2646 onerati
1008 2585 1185 2666 procedunt.

94 2683 154 2741 Sed
169 2703 238 2742 cum
259 2707 291 2744 ea
314 2689 453 2767 superius
473 2688 584 2769 scripta
606 2688 696 2747 rerba
715 2690 794 2749 idem
814 2687 984 2768 Nicephoro
1006 2685 1184 2762 nunciasset,

93 2787 272 2846 transmissis
291 2789 365 2847 mihi
382 2789 497 2849 duabus
516 2787 648 2868 capreis,
670 2797 706 2846 ut
726 2790 835 2848 abirem
850 2787 1002 2847 licentiam
1017 2783 1108 2844 dedit.
1148 2785 1184 2843 In

93 2888 258 2948 crastinum
279 2901 378 2950 autem
401 2891 519 2971 Syriam
537 2907 642 2950 versus
661 2891 822 2970 proiectus.
864 2887 924 2950 Sed
948 2907 1002 2946 cur
1021 2884 1184 2945 exercitum

91 3009 174 3048 nunc
193 2991 224 3049 in
240 2989 375 3070 Assyrios
394 2993 534 3069 duxerit,
556 3013 664 3072 quaeso
682 2991 839 3064 advertite.
886 2989 1005 3050 liabent
1027 2985 1134 3048 Graeci
1155 2995 1185 3046 et
1230 3013 1254 3080 a,
1349 2979 1354 2986 ’

47 3143 50 3150 .
90 3094 230 3153 Saraceni
252 3095 361 3171 libros,
391 3115 465 3174 quos
488 3089 621 3176 ὁράσεις,
650 3095 712 3155 sive
735 3095 865 3156 visiones
896 3090 1025 3152 Danielis
1053 3097 1182 3164 vocant,

91 3215 145 3274 ego
166 3207 265 3256 autem
281 3197 457 3276 Sibyllinos:
479 3198 512 3256 in
528 3197 634 3275 quibus
650 3197 796 3277 scriptum
816 3187 979 3276 reperitur,
1002 3200 1077 3271 quot
1098 3188 1184 3250 tuni!

92 3297 256 3377 imperator
275 3299 398 3379 quisque
417 3300 515 3360 vivat:
537 3319 611 3378 quae
632 3299 693 3358 sint
705 3300 819 3375 futura,
842 3316 877 3355 eo
890 3295 1088 3376 imperitante,
1109 3300 1183 3350 tem-

90 3419 185 3479 pora,
213 3421 291 3480 pax,
311 3423 350 3460 an
372 3401 524 3477 simultas,
544 3401 691 3461 secundae
708 3404 923 3461 Saracenorum
945 3417 992 3456 ras
1013 3415 1051 3454 au
1074 3391 1183 3454 edver-

90 3523 150 3565 sae.
192 3505 312 3584 Legitur
325 3503 444 3582 itaque,
464 3501 555 3562 huius
566 3502 727 3583 Nicephori
739 3501 925 3584 temporibus
939 3495 1077 3576 Assyrios
1091 3495 1212 3554 Gne-It}

92 3606 136 3664 cis
158 3627 222 3666 non
237 3627 323 3687 posse
336 3607 487 3683 resistere,
508 3603 649 3683 huncque
663 3604 819 3682 septennio
837 3611 956 3662 tantum
974 3597 1093 3658 vivere:
1113 3602 1183 3672 post
1318 3589 1324 3604 '

91 3709 178 3767 cuius
192 3710 305 3771 obitum
323 3709 530 3788 Imperatorem
543 3705 600 3764 isto
616 3704 792 3764 deteriorem
811 3699 878 3787 (sed
889 3704 981 3760 timeo
997 3696 1080 3778 quod
1094 3694 1181 3754 inve·

90 3810 152 3870 uiri
171 3831 233 3870 non
251 3808 359 3893 possit)
382 3821 411 3870 et
431 3809 522 3887 magis
539 3807 688 3866 imbellem
707 3807 814 3866 debere
835 3821 971 3880 surgere3
1001 3797 1086 3858 cuius
1100 3805 1182 3855 tem·
1297 3855 1317 3896 ⁸

89 3911 213 3990 poribus
224 3913 393 3993 praevalere
401 3911 509 3972 debent
524 3909 597 3968 adeo
607 3909 732 3987 Assyrii,
746 3917 780 3968 ut
792 3908 824 3966 iu
835 3899 1063 3965 Ghlcedouiam
1076 3915 1178 3976 usque,

90 4033 167 4091 quae
186 4013 277 4073 distat
299 4011 557 4091 Constantinopoli
576 4010 656 4070 lr-aud
678 4013 783 4089 longe,
803 4006 982 4090 potestative
1002 4008 1111 4096 cuncte
1125 3997 1180 4056 de·

88 4114 181 4174 beant
193 4113 337 4174 obtinere.
380 4113 574 4174 considerant
589 4113 667 4172 enim
681 4113 798 4193 utrique
811 4121 963 4191 tempora,
984 4125 1044 4165 una
1058 4099 1178 4160 eadem-

88 4233 152 4297 que
173 4235 207 4274 re
228 4215 334 4274 Gracci
349 4215 470 4274 animati
492 4216 702 4294 insequuntur,
724 4214 862 4275 Saraceni
880 4205 1029 4290 desperati
1050 4223 1113 4263 uon
1130 4218 1179 4260 re-

89 4317 217 4375 sistunt:
245 4325 363 4396 tempus
386 4326 591 4396 expectantes,
620 4339 688 4377 cum
709 4326 739 4376 et
761 4315 820 4395 ipsi
839 4314 1051 4389 insequantur,
1073 4297 1180 4362 Gratti

88 4418 198 4477 iterum
211 4416 485 4503 nonresistunt³⁰).
506 4419 564 4480 Sed
572 4419 752 4500 Hippolytus
762 4417 880 4496 quidam
888 4409 1050 4473 Siciliensis
1059 4405 1180 4487 Episco·
1198 4400 1297 4530 Ριι4ῗ5

88 4539 148 4600 pus
168 4521 270 4579 eadem
287 4521 425 4602 scripsit,
446 4531 476 4580 et
494 4521 530 4582 de
546 4522 672 4603 Imperio
689 4529 806 4595 vestro,
828 4528 858 4579 et
873 4525 960 4598 gente
973 4519 1097 4587 'nostra,
1119 4529 1172 4569 no·

111 4718 162 4790 29)
184 4717 254 4773 Atta
269 4719 385 4787 etpotats'.
411 4721 490 4774 Gon.
565 4721 614 4791 30)
638 4719 707 4774 Alias
725 4718 827 4772 ictarius
843 4733 894 4808 mu
910 4711 1041 4768 rmistoot.
1067 4711 1141 4765 Gon.
