2722 5272
193 775 268 848 406
529 777 566 846 C.
586 779 620 849 B.
642 773 757 850 Htttt
779 775 929 846 NOTAE

194 940 355 1020 composita
369 957 407 1000 ex
424 957 499 998 voce
516 934 638 1018 χαλιδς,
658 954 809 1015 novaque
830 923 962 995 ciusdem
982 930 1105 1010 originis
1124 929 1177 990 vel
1192 951 1284 991 voces

191 1027 240 1086 vcl
253 1024 459 1102 auctoritates,
478 1023 583 1102 quibus
598 1021 746 1080 Glaesaria
758 1019 937 1100 locupletari
952 1027 1067 1097 queant.

163 1112 187 1166 0
270 1108 345 1170 Ihid.
364 1110 417 1172 lin.
441 1115 470 1177 6.
493 1106 534 1182 cic
553 1100 641 1187 μήτι
662 1099 828 1184 desiccatos
847 1099 924 1184 πρὸς
944 1107 1003 1164 τῶν
1018 1097 1165 1164 ἐναντίων
1179 1095 1282 1174 αὐτοῖς

193 1192 350 1278 ναινοθῄ]
373 1186 503 1256 Karoia
518 1193 580 1252 sive
594 1184 726 1268 ιιαττύω,
748 1209 834 1248 aenan
844 1189 970 1266 figurato
985 1186 1162 1259 machinor,
1186 1197 1281 1261 struo,

193 1281 363 1356 frequenter
378 1277 509 1337 occurrit
529 1273 609 1356 apud
625 1276 725 1334 Patres
748 1273 856 1332 saeculi
873 1269 1068 1330 theodosiani
1084 1279 1114 1352 et
1130 1269 1278 1350 deinceps.
1299 1297 1304 1310 ι

194 1358 363 1426 aminon
381 1365 410 1424 S.
426 1361 609 1442 Epiphanius
628 1359 776 1420 Adversus
795 1358 907 1420 haeres.
923 1357 945 1414 Ι.
962 1363 991 1422 2.
1008 1357 1040 1416 C.
1062 1355 1281 1432 Anonymusin

193 1448 299 1508 Psalm.
316 1448 337 1507 l.
354 1449 405 1512 88.
428 1448 462 1504 A.
477 1440 641 1507 ιιαντιίοντα
661 1446 689 1506 S.
706 1442 887 1523 Epiphanius
910 1440 1060 1500 Adversus
1078 1437 1192 1498 haeres.
1210 1442 1279 1504 651.

196 1533 227 1591 C.
243 1524 417 1603 ιιαντιίοντες
432 1531 578 1609 Anonym.
598 1529 629 1586 in
646 1529 751 1591 Psalm.
770 1529 795 1588 l.
813 1531 884 1592 761.
903 1528 934 1585 C.
953 1519 1142 1588 κατνυόντων
1163 1527 1192 1584 S.
1210 1525 1282 1602 Epi-

193 1615 323 1697 phanius
340 1613 489 1673 Adversus
508 1613 617 1675 lueres.
631 1619 702 1679 222.
724 1615 758 1676 D.
780 1613 897 1670 Acristo
922 1611 967 1670 bis
985 1609 1080 1668 utitur
1104 1611 1136 1668 S.
1153 1608 1281 1688 Epipha-

194 1699 279 1774 nius,
309 1697 386 1758 lbid.
409 1704 479 1767 629.
500 1699 534 1758 ll.
554 1700 676 1778 βίβλους
695 1691 856 1769 noredano·
888 1704 917 1754 et
938 1696 1015 1760 257.
1034 1695 1067 1755 C.
1089 1689 1280 1754 ιιαιτιίσαντα.

194 1785 348 1845 Praesente
363 1783 472 1861 passivi
488 1787 515 1845 S.
530 1781 731 1842 Theodoretus
747 1781 840 1862 Epist.
858 1799 916 1838 cix.
936 1779 984 1840 Ill.
1002 1784 1072 1844 977.
1095 1779 1126 1836 l).
1141 1775 1217 1840 md
1230 1781 1283 1855 τῆς

195 1862 393 1948 inconstanta
407 1863 588 1947 ιιαττνδμενα
607 1869 742 1940 πίστεως.
783 1865 959 1944 Imperfecto
975 1865 1004 1922 S‘.
1021 1861 1205 1942 Epiphanius
1219 1863 1281 1922 Ad-

193 1971 297 2011 versus
317 1951 428 2016 haeres.
442 1958 514 2022 722·
529 1953 562 2012 Β.
576 1947 728 2015 incurioso
744 1949 812 2032 napi
829 1949 860 2029 [l.
874 1943 966 2030 nopai]
987 1951 1047 2008 τοῖν
1061 1943 1170 2009 τούτου
1184 1955 1282 2028 μαθη-

193 2040 255 2108 τοῖνΙ
280 2032 317 2096 ταί
337 2034 412 2100 uncti
431 2034 487 2116 τὴν
509 2032 658 2112 accusetis
676 2038 731 2114 τῆς
749 2033 911 2112 ἐκκλησίας,
954 2032 1088 2091 Perfecto
1110 2031 1282 2090 Theodotus

193 2119 324 2180 Institut.
346 2121 488 2179 Orientsl.
511 2125 583 2188 806.
605 2121 638 2184 G.
664 2116 871 2200 κεκονιαμένα.
924 2115 1093 2196 Composito
1114 2111 1281 2180 ίιιιιιωνιδω

193 2203 257 2283 ipse
270 2205 329 2262 Leo
343 2203 421 2262 infra
437 2205 488 2272 52.
502 2203 534 2262 C.

277 2285 357 2350 Ihid.
376 2288 429 2348 lin.
451 2291 500 2354 10.
520 2285 572 2350 καί
590 2280 766 2366 παρέπεται]
786 2281 886 2346 hialim
904 2283 1094 2363 παρὲαονναι.
1138 2283 1216 2346 Vide
1236 2294 1282 2344 ta-

192 2389 262 2430 men
274 2372 417 2432 Zeuniuns
431 2373 470 2430 ad
483 2371 619 2450 Vigerum
635 2373 677 2431 De
691 2370 831 2433 idiotism.
851 2371 919 2436 195.
937 2371 969 2431 C.

277 2453 354 2517 ibid·
371 2457 427 2516 lin·
444 2460 493 2524 12·
512 2459 567 2537 τῆς
585 2455 747 2537 δεδομένης
762 2449 927 2536 εδενηρίας]
943 2454 977 2512 In
993 2454 1102 2513 Codice
1116 2453 1214 2512 literis
1228 2477 1241 2515 ε
1254 2463 1283 2512 et

159 2551 214 2622 οη
230 2549 333 2599 contra
349 2541 542 2620 etymologiae
557 2541 702 2601 rationem
722 2539 895 2620 permutatis
918 2539 1007 2598 modo
1027 2534 1160 2616 ιυέτερία
1179 2557 1281 2598 exara-

192 2633 276 2699 tum,
296 2635 331 2684 ut
351 2625 429 2684 iufra
452 2631 501 2692 20.
516 2627 550 2686 B.
571 2625 661 2686 modo
684 2620 839 2707 εδηνερία,
860 2633 896 2682 ut
910 2621 961 2683 hic
980 2633 1010 2682 et
1031 2623 1083 2688 40.
1104 2625 1137 2682 C.
1173 2622 1283 2681 Eodem

89 2745 91 2752 ι
193 2709 303 2787 modo,
330 2705 481 2792 ειίηιερία,
501 2711 534 2768 in
561 2709 656 2770 codd.
686 2709 789 2768 multis
810 2707 941 2786 antiquis
964 2707 1111 2788 scriptum
1130 2706 1214 2782 vidi,
1234 2707 1283 2764 ubi

194 2793 439 2854 nunc-editiones
460 2789 610 2876 εδετηρία·
635 2793 720 2854 Philo
741 2801 787 2852 Do
804 2792 971 2852 Abrahamo
991 2795 1062 2860 084.
1084 2793 1118 2853 F.
1149 2791 1192 2850 De
1215 2811 1284 2849 oon·

192 2897 294 2954 gressu
314 2879 499 2956 quaerendae
523 2879 698 2940 eruditionis
722 2877 816 2955 gratia
839 2881 910 2944 351.
933 2877 967 2936 A.
997 2875 1140 2958 losephus
1162 2875 1283 2954 Antiqq.

192 2961 243 3028 44.
259 2962 295 3025 A.
316 2963 498 3024 Ptolemaeus
515 2963 673 3022 Tetrabibl.
695 2963 746 3029 80.
764 2962 799 3021 A.
821 2963 917 3020 Locus
933 2963 970 3020 de
983 2961 1178 3020 instabilitate
1190 2963 1284 3019 fortu-

194 3063 267 3120 nae,
287 3065 373 3122 quem
385 3037 443 3106 Leo
458 3047 606 3126 respexit,
627 3056 672 3106 est
686 3045 833 3110 insoliti
850 3046 942 3128 Epist.
960 3045 1112 3106 cuxxarn.
1134 3067 1165 3124 p.
1179 3051 1231 3111 70.

278 3131 360 3209 Pag·
375 3135 422 3198 10.
445 3131 499 3190 lin.
513 3129 542 3195 4·
564 3125 809 3210 διαπεφωνήκει]
823 3131 991 3208 Διαφωνέω
1007 3131 1058 3188 clii
1071 3131 1131 3188 iam
1148 3129 1284 3188 observa-

193 3221 319 3287 verant,
341 3233 378 3272 ex
397 3234 455 3272 usu
473 3215 666 3274 Hellenistico
691 3213 856 3291 significare
880 3215 1024 3272 ultimam
1044 3235 1145 3272 vocem
1173 3218 1283 3286 emitto,

193 3295 253 3354 hoc
266 3303 310 3354 est
321 3300 490 3375 exanimor,
504 3319 601 3376 pereo.
639 3297 744 3356 Suidas
761 3298 785 3356 l·
806 3300 878 3363 563.
897 3300 929 3357 G.
951 3299 1075 3378 blangey
1091 3299 1129 3356 ad
1146 3296 1223 3356 Phil.
1245 3299 1285 3354 Ile

195 3379 296 3437 ebriet.
312 3379 337 3441 l.
354 3383 483 3447 375.Ἐ.
505 3380 672 3442 Adhibetur
687 3401 719 3440 ea
739 3381 954 3459 significatione
975 3385 1135 3462 praecipue
1151 3385 1284 3461 perfecto

194 3472 224 3520 et
237 3463 394 3542 plusquam
417 3467 543 3525 salecto:
565 3465 648 3525 velut
661 3465 740 3546 apud
753 3487 826 3526 axx.
847 3467 1107 3532 Num.1xxr.49.
1130 3461 1169 3529 osi
1187 3469 1284 3529 διαπε-

192 3543 337 3627 φαίνηιιεν
354 3544 396 3613 oin
418 3545 516 3612 αδνῶν
539 3545 609 3612 ovidi
625 3545 676 3624 είς.
713 3550 803 3623 Quod
819 3550 952 3612 imitatur·
967 3551 1053 3610 Philo
1074 3552 1116 3610 lle
1132 3553 1284 3610 temulent.

192 3635 267 3696 200.
283 3633 315 3692 Β.
329 3643 359 3692 et
378 3635 410 3695 C.
433 3635 506 3694 Item
518 3633 681 3694 Scholiasta
696 3635 734 3693 ad
748 3637 776 3693 S.
793 3635 911 3694 loannis
926 3636 1049 3694 Climaoi
1062 3637 1179 3694 Scalam
1193 3637 1285 3694 Para-

193 3713 248 3773 dis.
267 3721 315 3783 19.
335 3719 366 3780 0.
385 3719 498 3798 aliquot
513 3719 661 3798 simplices
673 3718 806 3778 homines
818 3719 1032 3780 incredibiliter
1046 3720 1224 3794 ieiunantes,
1236 3715 1286 3780 nai

192 3791 369 3882 οἶδιαιιρίτως
381 3804 435 3888 βίᾳ
448 3800 573 3876 ἕαυνοδς
589 3798 740 3878 διδόντες,
762 3798 1038 3884 διαπεφωνήκασιν,
1054 3804 1284 3862 succubuerunt.

191 3881 232 3940 Et
247 3884 393 3963 Apsyrtua
412 3889 445 3948 in
460 3888 656 3967 Hippiatricis
670 3890 741 3954 256.
758 3889 791 3948 C.
816 3887 853 3946 de
874 3908 966 3967 equo,
987 3890 1131 3952 κίνδυνον
1151 3881 1210 3950 οὖν
1231 3888 1286 3963 ἔξει

32 4039 36 4046 ,
82 3973 110 4029 Ρ.
127 3973 179 4031 192
195 3967 393 4049 διαφωνῆσαι.
434 3971 501 4031 Non
523 3971 612 4051 pauci
632 3981 731 4030 tamen
751 3971 861 4032 eruditi
879 3973 959 4054 lapsi
976 3971 1048 4032 sunt
1066 3972 1099 4031 in
1113 3971 1174 4032 hoc
1194 3973 1284 4032 verbo

193 4049 428 4132 interpretando.
463 4055 553 4115 Velut
567 4056 648 4136 apud
665 4055 783 4116 Philon.
799 4055 842 4114 Da
856 4057 968 4116 nomin.
981 4065 1087 4117 mutat.
1100 4061 1171 4124 822.
1184 4057 1219 4116 Β.
1236 4051 1284 4119 ιιδε

194 4139 297 4215 Asper,
318 4136 352 4200 iv
368 4121 393 4220 pi
409 4142 468 4200 acis
484 4138 744 4221 διαγωνισαμένων
766 4135 955 4218 διεφώνησεν
970 4135 1086 4214 οὐδεὶς,
1109 4135 1177 4202 ‹tu’
1194 4137 1286 4220 depos·

194 4239 244 4293 νος
259 4221 311 4283 καί
323 4225 399 4304 σῷος
413 4220 581 4302 ἐπανῆλθε·
603 4243 709 4286 vereor
720 4233 757 4284 ut
768 4225 873 4284 Petrus
887 4226 1029 4284 hiorellus
1049 4234 1131 4285 recte
1150 4224 1284 4294 verterit,

194 4306 227 4360 in
242 4325 302 4381 quo
316 4304 530 4366 dimicantium
542 4329 625 4367 nemo
641 4308 758 4367 discors
772 4311 849 4383 fuit.
891 4311 929 4368 Et
939 4309 1011 4368 lraeo
1026 4309 1151 4388 Apsyrti
1165 4309 1198 4368 in
1212 4309 1286 4389 liip-

192 4387 281 4466 piatr.
298 4393 368 4456 260.
386 4391 419 4450 Β.
443 4392 592 4469 διαφωνεῖ
610 4388 643 4455 δὲ
662 4393 790 4476 ῥηιδίως,
814 4393 947 4453 Ruelliua
964 4393 997 4453 in
1014 4393 1163 4453 Medicina
1177 4394 1287 4455 veteri-

192 4489 259 4530 nar.
276 4475 345 4539 101.
369 4475 401 4534 Β.
424 4486 605 4554 quaprapter
614 4477 717 4552 facile
732 4475 892 4558 despondet
913 4482 1061 4537 animum.
1103 4477 1203 4558 Atque
1221 4488 1287 4536 tan-

193 4561 258 4612 tum
267 4575 328 4614 non
336 4555 459 4619 ridicule
468 4559 714 4620 Montefalconius
728 4561 1095 4640 apudEuseb.Comn1ent.
1107 4563 1138 4622 in
1149 4563 1287 4622 PsalmJ.

193 4639 265 4704 259.
285 4639 318 4698 Β.
342 4641 379 4702 de
397 4645 532 4704 secundis
550 4645 725 4706 mulierum:
746 4641 845 4727 ὥσπερ
868 4647 991 4728 χωρίον,
1012 4651 1212 4728 ινροηωρῆσαν
1228 4642 1290 4710 cini

191 4719 347 4802 ηνναιιιδς,
372 4720 513 4810 οὐδεμιᾶς
528 4727 638 4811 pactiles
658 4731 763 4810 ζωῆς,
776 4728 920 4798 διαλυθὲν
942 4727 1163 4810 blisacensi·
1187 4751 1287 4812 qaum-
