<?xml version="1.0" encoding="UTF-8"?>
<!DOCTYPE html PUBLIC "-//W3C//DTD XHTML 1.0 Transitional//EN"
    "http://www.w3.org/TR/xhtml1/DTD/xhtml1-transitional.dtd">
<html xmlns="http://www.w3.org/1999/xhtml" xml:lang="en" lang="en">
 <head>
  <title>
</title>
<meta http-equiv="Content-Type" content="text/html;charset=utf-8" />
  <meta name='ocr-system' content='tesseract 3.04.00' />
  <meta name='ocr-capabilities' content='ocr_page ocr_carea ocr_par ocr_line ocrx_word'/>
</head>
<body>
  <div class='ocr_page' id='page_1' title='image "./leonisdiaconica00liutgoog/leonisdiaconica00liutgoog_0581.png"; bbox 0 0 2954 4858; ppageno 0'>
   <div class='ocr_carea' id='block_1_1' title="bbox 272 345 1166 426">
    <p class='ocr_par' dir='ltr' id='par_1_1' title="bbox 272 345 1166 426">
     <span class='ocr_line' id='line_1_1' title="bbox 272 345 1166 426; baseline 0.004 -4"><span class='ocrx_word' id='word_1_1' title='bbox 272 345 349 423; x_wconf 77' lang='lat'><strong>632</strong></span> <span class='ocrx_word' id='word_1_2' title='bbox 474 357 514 426; x_wconf 79' lang='lat' dir='ltr'><strong>N.</strong></span> <span class='ocrx_word' id='word_1_3' title='bbox 540 355 588 422; x_wconf 84' lang='lat' dir='ltr'><strong>M.</strong></span> <span class='ocrx_word' id='word_1_4' title='bbox 607 347 806 424; x_wconf 82' lang='lat' dir='ltr'><strong>FOGGlNlI</strong></span> <span class='ocrx_word' id='word_1_5' title='bbox 824 353 1166 426; x_wconf 76' lang='lat' dir='ltr'><strong>ADNOTATIONES</strong></span> 
     </span>
    </p>
   </div>
   <div class='ocr_carea' id='block_1_2' title="bbox 251 511 1379 4304">
    <p class='ocr_par' dir='ltr' id='par_1_2' title="bbox 263 511 1379 3210">
     <span class='ocr_line' id='line_1_2' title="bbox 272 511 1379 598; baseline -0.006 -20"><span class='ocrx_word' id='word_1_6' title='bbox 272 514 473 598; x_wconf 81' lang='lat' dir='ltr'><strong>vituperium,</strong></span> <span class='ocrx_word' id='word_1_7' title='bbox 504 513 663 574; x_wconf 71' lang='lat' dir='ltr'><strong>Theodosii</strong></span> <span class='ocrx_word' id='word_1_8' title='bbox 690 513 813 576; x_wconf 87' lang='lat' dir='ltr'><strong>consilio</strong></span> <span class='ocrx_word' id='word_1_9' title='bbox 841 533 904 572; x_wconf 87' lang='lat' dir='ltr'><strong>non</strong></span> <span class='ocrx_word' id='word_1_10' title='bbox 933 512 1147 574; x_wconf 71' lang='lat' dir='ltr'><strong>adversaretur.</strong></span> <span class='ocrx_word' id='word_1_11' title='bbox 1197 511 1250 572; x_wconf 75' lang='lat' dir='ltr'><strong>hu</strong></span> <span class='ocrx_word' id='word_1_12' title='bbox 1279 533 1379 572; x_wconf 74' lang='lat' dir='ltr'><strong>vocs-</strong></span> 
     </span>
     <span class='ocr_line' id='line_1_3' title="bbox 274 595 1379 681; baseline -0.006 -19"><span class='ocrx_word' id='word_1_13' title='bbox 274 602 344 662; x_wconf 92' lang='lat' dir='ltr'><strong>hulo</strong></span> <span class='ocrx_word' id='word_1_14' title='bbox 368 595 501 681; x_wconf 71' lang='lat' dir='ltr'><strong>rro&#39;pmos</strong></span> <span class='ocrx_word' id='word_1_15' title='bbox 522 598 768 680; x_wconf 76' lang='lat' dir='ltr'><strong>triumphatorem</strong></span> <span class='ocrx_word' id='word_1_16' title='bbox 784 598 943 677; x_wconf 72' lang='lat' dir='ltr'><strong>significari</strong></span> <span class='ocrx_word' id='word_1_17' title='bbox 964 598 1090 675; x_wconf 79' lang='lat' dir='ltr'><strong>dixeris,</strong></span> <span class='ocrx_word' id='word_1_18' title='bbox 1111 617 1206 677; x_wconf 87' lang='lat' dir='ltr'><strong>quum</strong></span> <span class='ocrx_word' id='word_1_19' title='bbox 1220 598 1281 656; x_wconf 82' lang='lat' dir='ltr'><strong>vix</strong></span> <span class='ocrx_word' id='word_1_20' title='bbox 1295 599 1379 656; x_wconf 76' lang='lat' dir='ltr'><strong>elius</strong></span> 
     </span>
     <span class='ocr_line' id='line_1_4' title="bbox 275 682 1378 766; baseline -0.005 -20"><span class='ocrx_word' id='word_1_21' title='bbox 275 686 431 766; x_wconf 81' lang='lat' dir='ltr'><strong>quicquum</strong></span> <span class='ocrx_word' id='word_1_22' title='bbox 461 686 561 764; x_wconf 84' lang='lat' dir='ltr'><strong>plures</strong></span> <span class='ocrx_word' id='word_1_23' title='bbox 596 685 869 764; x_wconf 87' lang='lat' dir='ltr'><strong>splendidioresque</strong></span> <span class='ocrx_word' id='word_1_24' title='bbox 899 682 1066 762; x_wconf 88' lang='lat' dir='ltr'><strong>triumphos</strong></span> <span class='ocrx_word' id='word_1_25' title='bbox 1100 682 1214 759; x_wconf 76' lang='lat' dir='ltr'><strong>egerit?</strong></span> <span class='ocrx_word' id='word_1_26' title='bbox 1261 683 1378 742; x_wconf 82' lang='lat' dir='ltr'><strong>Verum</strong></span> 
     </span>
     <span class='ocr_line' id='line_1_5' title="bbox 275 767 1377 848; baseline -0.005 -18"><span class='ocrx_word' id='word_1_27' title='bbox 275 770 422 848; x_wconf 88' lang='lat' dir='ltr'><strong>quidquid</strong></span> <span class='ocrx_word' id='word_1_28' title='bbox 445 769 501 845; x_wconf 90' lang='lat' dir='ltr'><strong>sit,</strong></span> <span class='ocrx_word' id='word_1_29' title='bbox 528 769 630 843; x_wconf 86' lang='lat' dir='ltr'><strong>locus,</strong></span> <span class='ocrx_word' id='word_1_30' title='bbox 658 768 695 827; x_wconf 90' lang='lat' dir='ltr'><strong>de</strong></span> <span class='ocrx_word' id='word_1_31' title='bbox 722 789 783 848; x_wconf 90' lang='lat' dir='ltr'><strong>quo</strong></span> <span class='ocrx_word' id='word_1_32' title='bbox 806 789 896 848; x_wconf 84' lang='lat' dir='ltr'><strong>suprs</strong></span> <span class='ocrx_word' id='word_1_33' title='bbox 925 769 1071 842; x_wconf 85' lang='lat' dir='ltr'><strong>diximus,</strong></span> <span class='ocrx_word' id='word_1_34' title='bbox 1097 767 1150 825; x_wconf 82' lang='grc' dir='ltr'><strong>ΠΙ.</strong></span> <span class='ocrx_word' id='word_1_35' title='bbox 1169 771 1245 832; x_wconf 79' lang='lat'><strong>209.</strong></span> <span class='ocrx_word' id='word_1_36' title='bbox 1271 771 1377 846; x_wconf 78' lang='lat' dir='ltr'><strong>Bpoo&#39;-</strong></span> 
     </span>
     <span class='ocr_line' id='line_1_6' title="bbox 274 845 1376 934; baseline -0.006 -17"><span class='ocrx_word' id='word_1_37' title='bbox 274 877 343 930; x_wconf 74' lang='lat' dir='ltr'><strong>ser,</strong></span> <span class='ocrx_word' id='word_1_38' title='bbox 372 851 407 928; x_wconf 64' lang='lat' dir='ltr'><strong>ts</strong></span> <span class='ocrx_word' id='word_1_39' title='bbox 428 857 483 916; x_wconf 82' lang='lat' dir='ltr'><strong>rori</strong></span> <span class='ocrx_word' id='word_1_40' title='bbox 509 853 642 934; x_wconf 77' lang='lat' dir='ltr'><strong>nopnlou</strong></span> <span class='ocrx_word' id='word_1_41' title='bbox 665 851 762 934; x_wconf 74' lang='grc' dir='ltr'><strong><em>ἔβαψε</em></strong></span> <span class='ocrx_word' id='word_1_42' title='bbox 782 849 839 933; x_wconf 78' lang='grc' dir='ltr'><strong>τὴν</strong></span> <span class='ocrx_word' id='word_1_43' title='bbox 862 849 1010 934; x_wconf 75' lang='grc' dir='ltr'><strong>μάχαιραν</strong></span> <span class='ocrx_word' id='word_1_44' title='bbox 1032 851 1064 914; x_wconf 81' lang='grc' dir='ltr'><strong>ἐν</strong></span> <span class='ocrx_word' id='word_1_45' title='bbox 1085 855 1146 912; x_wconf 76' lang='lat' dir='ltr'><strong>reio</strong></span> <span class='ocrx_word' id='word_1_46' title='bbox 1170 845 1314 930; x_wconf 70' lang='grc' dir='ltr'><strong><em>αἱμάτων</em></strong></span> <span class='ocrx_word' id='word_1_47' title='bbox 1339 883 1376 895; x_wconf 91' lang='grc'>-</span> 
     </span>
     <span class='ocr_line' id='line_1_7' title="bbox 273 931 1376 1016; baseline -0.004 -18"><span class='ocrx_word' id='word_1_48' title='bbox 273 959 375 999; x_wconf 86' lang='lat' dir='ltr'><strong>nonne</strong></span> <span class='ocrx_word' id='word_1_49' title='bbox 390 937 543 998; x_wconf 77' lang='lat' dir='ltr'><strong>menifesto</strong></span> <span class='ocrx_word' id='word_1_50' title='bbox 559 937 665 1012; x_wconf 91' lang='lat' dir='ltr'><strong>docet,</strong></span> <span class='ocrx_word' id='word_1_51' title='bbox 686 957 760 996; x_wconf 83' lang='lat' dir='ltr'><strong>voce</strong></span> <span class='ocrx_word' id='word_1_52' title='bbox 778 939 909 1016; x_wconf 74' lang='grc' dir='ltr'><strong><em>πομπίος</em></strong></span> <span class='ocrx_word' id='word_1_53' title='bbox 928 937 990 996; x_wconf 86' lang='lat' dir='ltr'><strong>sive</strong></span> <span class='ocrx_word' id='word_1_54' title='bbox 1003 931 1151 1014; x_wconf 74' lang='grc' dir='ltr'><strong>πόμπιος,</strong></span> <span class='ocrx_word' id='word_1_55' title='bbox 1173 955 1212 994; x_wconf 85' lang='lat' dir='ltr'><strong>ex</strong></span> <span class='ocrx_word' id='word_1_56' title='bbox 1228 955 1376 1014; x_wconf 83' lang='lat' dir='ltr'><strong>quocun.</strong></span> 
     </span>
     <span class='ocr_line' id='line_1_8' title="bbox 275 1020 1375 1102; baseline -0.005 -18"><span class='ocrx_word' id='word_1_57' title='bbox 275 1043 332 1102; x_wconf 89' lang='lat' dir='ltr'><strong>que</strong></span> <span class='ocrx_word' id='word_1_58' title='bbox 347 1023 467 1082; x_wconf 81' lang='lat' dir='ltr'><strong>tendens</strong></span> <span class='ocrx_word' id='word_1_59' title='bbox 481 1024 562 1082; x_wconf 84' lang='lat' dir='ltr'><strong>lonte</strong></span> <span class='ocrx_word' id='word_1_60' title='bbox 577 1021 755 1096; x_wconf 76' lang='lat' dir='ltr'><strong>manaverit,</strong></span> <span class='ocrx_word' id='word_1_61' title='bbox 779 1023 929 1080; x_wconf 85' lang='lat' dir='ltr'><strong>Cscserem</strong></span> <span class='ocrx_word' id='word_1_62' title='bbox 942 1021 1118 1098; x_wconf 77' lang='lat' dir='ltr'><strong>significari,</strong></span> <span class='ocrx_word' id='word_1_63' title='bbox 1140 1041 1158 1078; x_wconf 81' lang='lat' dir='ltr'><strong>e</strong></span> <span class='ocrx_word' id='word_1_64' title='bbox 1172 1020 1273 1078; x_wconf 83' lang='lat' dir='ltr'><strong>Bruto</strong></span> <span class='ocrx_word' id='word_1_65' title='bbox 1288 1020 1375 1078; x_wconf 66' lang='lat' dir='ltr'><strong>ocd-</strong></span> 
     </span>
     <span class='ocr_line' id='line_1_9' title="bbox 275 1105 1376 1184; baseline -0.004 -16"><span class='ocrx_word' id='word_1_66' title='bbox 275 1107 363 1168; x_wconf 85' lang='lat' dir='ltr'><strong>sum&#39;l</strong></span> <span class='ocrx_word' id='word_1_67' title='bbox 385 1107 442 1165; x_wconf 89' lang='lat' dir='ltr'><strong>Sed</strong></span> <span class='ocrx_word' id='word_1_68' title='bbox 460 1113 593 1184; x_wconf 84' lang='lat' dir='ltr'><strong>superest</strong></span> <span class='ocrx_word' id='word_1_69' title='bbox 614 1106 719 1166; x_wconf 89' lang='lat' dir='ltr'><strong>tertius</strong></span> <span class='ocrx_word' id='word_1_70' title='bbox 735 1106 768 1164; x_wconf 86' lang='lat' dir='ltr'><strong>iu</strong></span> <span class='ocrx_word' id='word_1_71' title='bbox 789 1105 836 1164; x_wconf 88' lang='lat' dir='ltr'><strong>his</strong></span> <span class='ocrx_word' id='word_1_72' title='bbox 857 1107 1034 1166; x_wconf 70' lang='lat' dir='ltr'><strong>decuesibus</strong></span> <span class='ocrx_word' id='word_1_73' title='bbox 1052 1105 1151 1179; x_wconf 91' lang='lat' dir='ltr'><strong>locus,</strong></span> <span class='ocrx_word' id='word_1_74' title='bbox 1174 1105 1227 1182; x_wconf 90' lang='lat' dir='ltr'><strong>qui</strong></span> <span class='ocrx_word' id='word_1_75' title='bbox 1250 1125 1376 1164; x_wconf 78' lang='lat' dir='ltr'><strong>omnen</strong></span> 
     </span>
     <span class='ocr_line' id='line_1_10' title="bbox 273 1187 1375 1270; baseline -0.005 -18"><span class='ocrx_word' id='word_1_76' title='bbox 273 1191 353 1252; x_wconf 81' lang='lat' dir='ltr'><strong>hunc</strong></span> <span class='ocrx_word' id='word_1_77' title='bbox 369 1192 406 1250; x_wconf 90' lang='lat' dir='ltr'><strong>de</strong></span> <span class='ocrx_word' id='word_1_78' title='bbox 423 1193 544 1249; x_wconf 76' lang='lat' dir='ltr'><strong>Caesare</strong></span> <span class='ocrx_word' id='word_1_79' title='bbox 559 1190 728 1270; x_wconf 83' lang='lat' dir='ltr'><strong>opinionem</strong></span> <span class='ocrx_word' id='word_1_80' title='bbox 742 1191 861 1250; x_wconf 78' lang='lat' dir='ltr'><strong>videtur</strong></span> <span class='ocrx_word' id='word_1_81' title='bbox 877 1201 1017 1250; x_wconf 87' lang='lat' dir='ltr'><strong>evertere.</strong></span> <span class='ocrx_word' id='word_1_82' title='bbox 1058 1189 1133 1247; x_wconf 86' lang='lat' dir='ltr'><strong>Nem</strong></span> <span class='ocrx_word' id='word_1_83' title='bbox 1146 1187 1197 1246; x_wconf 91' lang='lat' dir='ltr'><strong>lll.</strong></span> <span class='ocrx_word' id='word_1_84' title='bbox 1215 1191 1293 1254; x_wconf 78' lang='lat'><strong>205.</strong></span> <span class='ocrx_word' id='word_1_85' title='bbox 1309 1189 1375 1247; x_wconf 85' lang='lat' dir='ltr'><strong>Im-</strong></span> 
     </span>
     <span class='ocr_line' id='line_1_11' title="bbox 274 1273 1374 1357; baseline -0.001 -23"><span class='ocrx_word' id='word_1_86' title='bbox 274 1276 419 1357; x_wconf 75' lang='lat' dir='ltr'><strong>peratoris</strong></span> <span class='ocrx_word' id='word_1_87' title='bbox 432 1275 564 1355; x_wconf 82' lang='lat' dir='ltr'><strong>potentie</strong></span> <span class='ocrx_word' id='word_1_88' title='bbox 579 1283 608 1333; x_wconf 88' lang='lat' dir='ltr'><strong>et</strong></span> <span class='ocrx_word' id='word_1_89' title='bbox 619 1275 779 1355; x_wconf 88' lang='lat' dir='ltr'><strong>Nicephori</strong></span> <span class='ocrx_word' id='word_1_90' title='bbox 792 1295 840 1336; x_wconf 89' lang='lat' dir='ltr'><strong>res</strong></span> <span class='ocrx_word' id='word_1_91' title='bbox 853 1275 932 1334; x_wconf 90' lang='lat' dir='ltr'><strong>bello</strong></span> <span class='ocrx_word' id='word_1_92' title='bbox 946 1285 1042 1352; x_wconf 73' lang='lat' dir='ltr'><strong>gestae</strong></span> <span class='ocrx_word' id='word_1_93' title='bbox 1055 1273 1271 1352; x_wconf 77' lang='lat' dir='ltr'><strong>praeferuntur</strong></span> <span class='ocrx_word' id='word_1_94' title='bbox 1283 1274 1374 1333; x_wconf 80' lang='lat' dir='ltr'><strong>rebus</strong></span> 
     </span>
     <span class='ocr_line' id='line_1_12' title="bbox 274 1359 1373 1439; baseline 0 -20"><span class='ocrx_word' id='word_1_95' title='bbox 274 1360 364 1439; x_wconf 83' lang='lat' dir='ltr'><strong>gestis</strong></span> <span class='ocrx_word' id='word_1_96' title='bbox 382 1369 412 1418; x_wconf 91' lang='lat' dir='ltr'><strong>et</strong></span> <span class='ocrx_word' id='word_1_97' title='bbox 431 1359 580 1439; x_wconf 80' lang='lat' dir='ltr'><strong>potentiae</strong></span> <span class='ocrx_word' id='word_1_98' title='bbox 598 1379 782 1420; x_wconf 85' lang='lat' dir='ltr'><strong>summorum</strong></span> <span class='ocrx_word' id='word_1_99' title='bbox 798 1360 982 1439; x_wconf 73' lang='lat' dir='ltr'><strong>antiquitatis</strong></span> <span class='ocrx_word' id='word_1_100' title='bbox 1000 1359 1150 1434; x_wconf 76' lang='lat' dir='ltr'><strong>virorum,</strong></span> <span class='ocrx_word' id='word_1_101' title='bbox 1169 1377 1303 1436; x_wconf 84' lang='lat' dir='ltr'><strong>quorum</strong></span> <span class='ocrx_word' id='word_1_102' title='bbox 1320 1379 1373 1419; x_wconf 79' lang='lat' dir='ltr'><strong>ne-</strong></span> 
     </span>
     <span class='ocr_line' id='line_1_13' title="bbox 275 1438 1373 1527; baseline -0.002 -23"><span class='ocrx_word' id='word_1_103' title='bbox 275 1465 396 1504; x_wconf 88' lang='lat' dir='ltr'><strong>censum</strong></span> <span class='ocrx_word' id='word_1_104' title='bbox 408 1443 540 1503; x_wconf 74' lang='lat' dir='ltr'><strong>instituit</strong></span> <span class='ocrx_word' id='word_1_105' title='bbox 553 1443 647 1504; x_wconf 90' lang='lat' dir='ltr'><strong>hunc:</strong></span> <span class='ocrx_word' id='word_1_106' title='bbox 671 1449 788 1527; x_wconf 74' lang='grc' dir='ltr'><em>Κῦρος,</em></span> <span class='ocrx_word' id='word_1_107' title='bbox 810 1449 952 1526; x_wconf 74' lang='grc' dir='ltr'><strong>Δαρεῖος,</strong></span> <span class='ocrx_word' id='word_1_108' title='bbox 974 1448 1121 1524; x_wconf 77' lang='grc' dir='ltr'><em>Κροῖσος,</em></span> <span class='ocrx_word' id='word_1_109' title='bbox 1141 1441 1173 1503; x_wconf 82' lang='lat' dir='ltr'><strong>oi</strong></span> <span class='ocrx_word' id='word_1_110' title='bbox 1185 1438 1373 1522; x_wconf 76' lang='lat' dir='ltr'><strong>osporsozpri-</strong></span> 
     </span>
     <span class='ocr_line' id='line_1_14' title="bbox 272 1523 1373 1609; baseline -0.005 -18"><span class='ocrx_word' id='word_1_111' title='bbox 272 1553 340 1602; x_wconf 84' lang='grc' dir='ltr'><strong><em>ταν,</em></strong></span> <span class='ocrx_word' id='word_1_112' title='bbox 362 1533 527 1609; x_wconf 78' lang='grc' dir='ltr'><strong><em>Καῖσαρ,</em></strong></span> <span class='ocrx_word' id='word_1_113' title='bbox 547 1523 707 1608; x_wconf 73' lang='grc' dir='ltr'><strong>Ἀχιλλεῦς,</strong></span> <span class='ocrx_word' id='word_1_114' title='bbox 728 1525 945 1590; x_wconf 78' lang='lat' dir='ltr'><strong>Muredoiossol</strong></span> <span class='ocrx_word' id='word_1_115' title='bbox 960 1527 1146 1608; x_wconf 81' lang='grc' dir='ltr'><strong><em>Πομπίος.</em></strong></span> <span class='ocrx_word' id='word_1_116' title='bbox 1189 1526 1254 1584; x_wconf 84' lang='lat' dir='ltr'><strong>lem</strong></span> <span class='ocrx_word' id='word_1_117' title='bbox 1276 1547 1373 1604; x_wconf 85' lang='lat' dir='ltr'><strong>quum</strong></span> 
     </span>
     <span class='ocr_line' id='line_1_15' title="bbox 271 1611 1371 1692; baseline -0.002 -20"><span class='ocrx_word' id='word_1_118' title='bbox 271 1613 306 1672; x_wconf 87' lang='lat' dir='ltr'><strong>in</strong></span> <span class='ocrx_word' id='word_1_119' title='bbox 321 1612 368 1672; x_wconf 92' lang='lat' dir='ltr'><strong>his</strong></span> <span class='ocrx_word' id='word_1_120' title='bbox 388 1613 486 1672; x_wconf 84' lang='lat' dir='ltr'><strong>verbis</strong></span> <span class='ocrx_word' id='word_1_121' title='bbox 502 1616 641 1692; x_wconf 68' lang='grc' dir='ltr'><strong><em>Πομπὶος</em></strong></span> <span class='ocrx_word' id='word_1_122' title='bbox 661 1623 907 1672; x_wconf 81' lang='lat' dir='ltr'><strong>commemoretur</strong></span> <span class='ocrx_word' id='word_1_123' title='bbox 922 1633 982 1672; x_wconf 83' lang='lat' dir='ltr'><strong>une</strong></span> <span class='ocrx_word' id='word_1_124' title='bbox 1003 1632 1071 1670; x_wconf 85' lang='lat' dir='ltr'><strong>cum</strong></span> <span class='ocrx_word' id='word_1_125' title='bbox 1093 1611 1237 1685; x_wconf 79' lang='lat' dir='ltr'><strong>Caesare,</strong></span> <span class='ocrx_word' id='word_1_126' title='bbox 1258 1622 1371 1690; x_wconf 82' lang='lat' dir='ltr'><strong>sponte</strong></span> 
     </span>
     <span class='ocr_line' id='line_1_16' title="bbox 271 1695 1371 1778; baseline -0.004 -22"><span class='ocrx_word' id='word_1_127' title='bbox 271 1707 412 1777; x_wconf 70' lang='lat' dir='ltr'><strong>apparet,</strong></span> <span class='ocrx_word' id='word_1_128' title='bbox 436 1699 578 1774; x_wconf 75' lang='grc' dir='ltr'><strong><em>Πομπίον</em></strong></span> <span class='ocrx_word' id='word_1_129' title='bbox 599 1717 660 1756; x_wconf 89' lang='lat' dir='ltr'><strong>non</strong></span> <span class='ocrx_word' id='word_1_130' title='bbox 686 1699 781 1776; x_wconf 76' lang='lat' dir='ltr'><strong>accipi</strong></span> <span class='ocrx_word' id='word_1_131' title='bbox 801 1717 887 1776; x_wconf 89' lang='lat' dir='ltr'><strong>posse</strong></span> <span class='ocrx_word' id='word_1_132' title='bbox 909 1717 965 1778; x_wconf 88' lang='lat' dir='ltr'><strong>pro</strong></span> <span class='ocrx_word' id='word_1_133' title='bbox 984 1697 1113 1755; x_wconf 76' lang='lat' dir='ltr'><strong>Cessare.</strong></span> <span class='ocrx_word' id='word_1_134' title='bbox 1157 1695 1231 1753; x_wconf 85' lang='lat' dir='ltr'><strong>Vide</strong></span> <span class='ocrx_word' id='word_1_135' title='bbox 1255 1704 1371 1769; x_wconf 67' lang='lat' dir='ltr'><strong>umen,</strong></span> 
     </span>
     <span class='ocr_line' id='line_1_17' title="bbox 273 1777 1371 1860; baseline -0.001 -20"><span class='ocrx_word' id='word_1_136' title='bbox 273 1801 361 1860; x_wconf 80' lang='lat' dir='ltr'><strong>quam</strong></span> <span class='ocrx_word' id='word_1_137' title='bbox 380 1781 476 1841; x_wconf 79' lang='lat' dir='ltr'><strong>alieno</strong></span> <span class='ocrx_word' id='word_1_138' title='bbox 489 1783 556 1840; x_wconf 92' lang='lat' dir='ltr'><strong>loco</strong></span> <span class='ocrx_word' id='word_1_139' title='bbox 572 1785 689 1860; x_wconf 75' lang='grc' dir='ltr'><strong><em>Καῖσαρ</em></strong></span> <span class='ocrx_word' id='word_1_140' title='bbox 707 1793 837 1860; x_wconf 82' lang='lat' dir='ltr'><strong>ponatur</strong></span> <span class='ocrx_word' id='word_1_141' title='bbox 851 1783 930 1842; x_wconf 88' lang='lat' dir='ltr'><strong>inter</strong></span> <span class='ocrx_word' id='word_1_142' title='bbox 948 1783 1088 1840; x_wconf 87' lang='lat' dir='ltr'><strong>Croesum</strong></span> <span class='ocrx_word' id='word_1_143' title='bbox 1104 1789 1134 1838; x_wconf 88' lang='lat' dir='ltr'><strong>et</strong></span> <span class='ocrx_word' id='word_1_144' title='bbox 1147 1777 1295 1838; x_wconf 81' lang='lat' dir='ltr'><strong>Achille</strong></span> <span class='ocrx_word' id='word_1_145' title='bbox 1301 1803 1312 1854; x_wconf 76' lang='lat'>5</span> <span class='ocrx_word' id='word_1_146' title='bbox 1338 1791 1371 1839; x_wconf 86' lang='lat' dir='ltr'><strong>et</strong></span> 
     </span>
     <span class='ocr_line' id='line_1_18' title="bbox 271 1863 1368 1944; baseline 0.002 -22"><span class='ocrx_word' id='word_1_147' title='bbox 271 1875 417 1944; x_wconf 74' lang='lat' dir='ltr'><strong>quantum</strong></span> <span class='ocrx_word' id='word_1_148' title='bbox 434 1866 605 1926; x_wconf 78' lang='lat' dir='ltr'><strong>edroi-ector</strong></span> <span class='ocrx_word' id='word_1_149' title='bbox 620 1865 718 1924; x_wconf 86' lang='lat' dir='ltr'><strong>versui</strong></span> <span class='ocrx_word' id='word_1_150' title='bbox 734 1865 765 1923; x_wconf 92' lang='lat' dir='ltr'><strong>in</strong></span> <span class='ocrx_word' id='word_1_151' title='bbox 782 1865 942 1939; x_wconf 77' lang='lat' dir='ltr'><strong>haerede,</strong></span> <span class='ocrx_word' id='word_1_152' title='bbox 964 1865 1135 1925; x_wconf 86' lang='lat' dir='ltr'><strong>trochseum</strong></span> <span class='ocrx_word' id='word_1_153' title='bbox 1157 1863 1283 1923; x_wconf 87' lang='lat' dir='ltr'><strong>ollereus</strong></span> <span class='ocrx_word' id='word_1_154' title='bbox 1303 1885 1368 1943; x_wconf 83' lang='lat' dir='ltr'><strong>pro</strong></span> 
     </span>
     <span class='ocr_line' id='line_1_19' title="bbox 269 1949 1366 2030; baseline 0 -22"><span class='ocrx_word' id='word_1_155' title='bbox 269 1949 368 2008; x_wconf 84' lang='lat' dir='ltr'><strong>iomho</strong></span> <span class='ocrx_word' id='word_1_156' title='bbox 388 1959 439 2008; x_wconf 81' lang='lat' dir='ltr'><strong>sut</strong></span> <span class='ocrx_word' id='word_1_157' title='bbox 456 1951 596 2030; x_wconf 76' lang='lat' dir='ltr'><strong>spondeo.</strong></span> <span class='ocrx_word' id='word_1_158' title='bbox 638 1949 684 2009; x_wconf 93' lang='lat' dir='ltr'><strong>0b</strong></span> <span class='ocrx_word' id='word_1_159' title='bbox 707 1949 781 2008; x_wconf 81' lang='lat' dir='ltr'><strong>duos</strong></span> <span class='ocrx_word' id='word_1_160' title='bbox 800 1951 902 2030; x_wconf 81' lang='lat' dir='ltr'><strong>itaque</strong></span> <span class='ocrx_word' id='word_1_161' title='bbox 924 1971 1026 2009; x_wconf 76' lang='lat' dir='ltr'><strong>cousin</strong></span> <span class='ocrx_word' id='word_1_162' title='bbox 1046 1958 1218 2028; x_wconf 85' lang='lat' dir='ltr'><strong>suspectum</strong></span> <span class='ocrx_word' id='word_1_163' title='bbox 1241 1969 1366 2024; x_wconf 85' lang='lat' dir='ltr'><strong>nomeu,</strong></span> 
     </span>
     <span class='ocr_line' id='line_1_20' title="bbox 271 2033 1369 2110; baseline 0 -17"><span class='ocrx_word' id='word_1_164' title='bbox 271 2034 321 2093; x_wconf 90' lang='lat' dir='ltr'><strong>cui</strong></span> <span class='ocrx_word' id='word_1_165' title='bbox 342 2033 368 2092; x_wconf 90' lang='lat' dir='ltr'><strong>si</strong></span> <span class='ocrx_word' id='word_1_166' title='bbox 384 2034 462 2108; x_wconf 78' lang='grc' dir='ltr'><strong>Αἴας</strong></span> <span class='ocrx_word' id='word_1_167' title='bbox 479 2034 681 2110; x_wconf 78' lang='lat' dir='ltr'><strong>substituerit,</strong></span> <span class='ocrx_word' id='word_1_168' title='bbox 704 2055 805 2095; x_wconf 84' lang='lat' dir='ltr'><strong>omnes</strong></span> <span class='ocrx_word' id='word_1_169' title='bbox 822 2036 891 2096; x_wconf 82' lang='lat' dir='ltr'><strong>illae</strong></span> <span class='ocrx_word' id='word_1_170' title='bbox 911 2035 1100 2094; x_wconf 78' lang='lat' dir='ltr'><strong>difficultates</strong></span> <span class='ocrx_word' id='word_1_171' title='bbox 1121 2043 1314 2108; x_wconf 74' lang='lat' dir='ltr'><strong>evanescent,</strong></span> <span class='ocrx_word' id='word_1_172' title='bbox 1336 2044 1369 2093; x_wconf 87' lang='lat' dir='ltr'><strong>et</strong></span> 
     </span>
     <span class='ocr_line' id='line_1_21' title="bbox 271 2117 1369 2198; baseline -0.002 -20"><span class='ocrx_word' id='word_1_173' title='bbox 271 2117 361 2178; x_wconf 90' lang='lat' dir='ltr'><strong>simul</strong></span> <span class='ocrx_word' id='word_1_174' title='bbox 374 2117 513 2178; x_wconf 78' lang='lat' dir='ltr'><strong>historice</strong></span> <span class='ocrx_word' id='word_1_175' title='bbox 527 2120 696 2178; x_wconf 87' lang='lat' dir='ltr'><strong>consuletur</strong></span> <span class='ocrx_word' id='word_1_176' title='bbox 710 2129 740 2178; x_wconf 88' lang='lat' dir='ltr'><strong>et</strong></span> <span class='ocrx_word' id='word_1_177' title='bbox 750 2119 860 2181; x_wconf 86' lang='lat' dir='ltr'><strong>versui.</strong></span> <span class='ocrx_word' id='word_1_178' title='bbox 902 2121 963 2178; x_wconf 88' lang='lat' dir='ltr'><strong>Nec</strong></span> <span class='ocrx_word' id='word_1_179' title='bbox 978 2117 1182 2198; x_wconf 73' lang='lat' dir='ltr'><strong>improbabilis</strong></span> <span class='ocrx_word' id='word_1_180' title='bbox 1194 2118 1295 2176; x_wconf 79' lang='lat' dir='ltr'><strong>rideri</strong></span> <span class='ocrx_word' id='word_1_181' title='bbox 1309 2139 1369 2198; x_wconf 89' lang='lat' dir='ltr'><strong>po-</strong></span> 
     </span>
     <span class='ocr_line' id='line_1_22' title="bbox 271 2203 1366 2282; baseline 0 -20"><span class='ocrx_word' id='word_1_182' title='bbox 271 2211 330 2262; x_wconf 88' lang='lat' dir='ltr'><strong>test</strong></span> <span class='ocrx_word' id='word_1_183' title='bbox 350 2203 536 2278; x_wconf 79' lang='lat' dir='ltr'><strong>coniectura,</strong></span> <span class='ocrx_word' id='word_1_184' title='bbox 559 2223 633 2282; x_wconf 81' lang='lat' dir='ltr'><strong>quae</strong></span> <span class='ocrx_word' id='word_1_185' title='bbox 648 2203 843 2264; x_wconf 80' lang='lat' dir='ltr'><strong>alittererum</strong></span> <span class='ocrx_word' id='word_1_186' title='bbox 862 2203 995 2281; x_wconf 82' lang='lat' dir='ltr'><strong>vestigiis</strong></span> <span class='ocrx_word' id='word_1_187' title='bbox 1010 2223 1072 2262; x_wconf 92' lang='lat' dir='ltr'><strong>non</strong></span> <span class='ocrx_word' id='word_1_188' title='bbox 1087 2203 1217 2261; x_wconf 89' lang='lat' dir='ltr'><strong>multum</strong></span> <span class='ocrx_word' id='word_1_189' title='bbox 1233 2205 1366 2279; x_wconf 72' lang='lat' dir='ltr'><strong>recedit,</strong></span> 
     </span>
     <span class='ocr_line' id='line_1_23' title="bbox 269 2287 1367 2368; baseline 0.001 -21"><span class='ocrx_word' id='word_1_190' title='bbox 269 2287 442 2368; x_wconf 76' lang='lat' dir='ltr'><strong>praesertim</strong></span> <span class='ocrx_word' id='word_1_191' title='bbox 465 2307 556 2366; x_wconf 91' lang='lat' dir='ltr'><strong>quum</strong></span> <span class='ocrx_word' id='word_1_192' title='bbox 576 2289 609 2346; x_wconf 90' lang='lat' dir='ltr'><strong>in</strong></span> <span class='ocrx_word' id='word_1_193' title='bbox 629 2289 756 2363; x_wconf 86' lang='lat' dir='ltr'><strong>Codice,</strong></span> <span class='ocrx_word' id='word_1_194' title='bbox 778 2307 816 2348; x_wconf 82' lang='lat' dir='ltr'><strong>ex</strong></span> <span class='ocrx_word' id='word_1_195' title='bbox 838 2309 897 2367; x_wconf 87' lang='lat' dir='ltr'><strong>quo</strong></span> <span class='ocrx_word' id='word_1_196' title='bbox 917 2289 1024 2348; x_wconf 83' lang='lat' dir='ltr'><strong>ductee</strong></span> <span class='ocrx_word' id='word_1_197' title='bbox 1041 2289 1198 2359; x_wconf 75' lang='lat' dir='ltr'><strong>Acrosses,</strong></span> <span class='ocrx_word' id='word_1_198' title='bbox 1220 2306 1367 2348; x_wconf 69' lang='lat' dir='ltr'><strong>emersum</strong></span> 
     </span>
     <span class='ocr_line' id='line_1_24' title="bbox 269 2371 1364 2451; baseline 0.002 -21"><span class='ocrx_word' id='word_1_199' title='bbox 269 2372 353 2430; x_wconf 80' lang='lat' dir='ltr'><strong>initis</strong></span> <span class='ocrx_word' id='word_1_200' title='bbox 367 2371 502 2451; x_wconf 85' lang='lat' dir='ltr'><strong>plurimis</strong></span> <span class='ocrx_word' id='word_1_201' title='bbox 517 2372 549 2429; x_wconf 88' lang='lat' dir='ltr'><strong>iu</strong></span> <span class='ocrx_word' id='word_1_202' title='bbox 563 2373 638 2431; x_wconf 87' lang='lat' dir='ltr'><strong>locis</strong></span> <span class='ocrx_word' id='word_1_203' title='bbox 655 2375 697 2430; x_wconf 86' lang='lat' dir='ltr'><strong>ite</strong></span> <span class='ocrx_word' id='word_1_204' title='bbox 715 2373 775 2432; x_wconf 87' lang='lat' dir='ltr'><strong>siut</strong></span> <span class='ocrx_word' id='word_1_205' title='bbox 787 2371 910 2432; x_wconf 82' lang='lat' dir='ltr'><strong>evenide</strong></span> <span class='ocrx_word' id='word_1_206' title='bbox 929 2381 959 2432; x_wconf 89' lang='lat' dir='ltr'><strong>et</strong></span> <span class='ocrx_word' id='word_1_207' title='bbox 974 2372 1115 2447; x_wconf 81' lang='lat' dir='ltr'><strong>obscure,</strong></span> <span class='ocrx_word' id='word_1_208' title='bbox 1136 2381 1170 2430; x_wconf 86' lang='lat' dir='ltr'><strong>ut</strong></span> <span class='ocrx_word' id='word_1_209' title='bbox 1190 2372 1267 2450; x_wconf 91' lang='lat' dir='ltr'><strong>quid</strong></span> <span class='ocrx_word' id='word_1_210' title='bbox 1288 2373 1364 2432; x_wconf 86' lang='lat' dir='ltr'><strong>scri·</strong></span> 
     </span>
     <span class='ocr_line' id='line_1_25' title="bbox 268 2446 1365 2536; baseline 0 -20"><span class='ocrx_word' id='word_1_211' title='bbox 268 2465 355 2536; x_wconf 86' lang='lat' dir='ltr'><strong>ptum</strong></span> <span class='ocrx_word' id='word_1_212' title='bbox 368 2457 474 2532; x_wconf 84' lang='lat' dir='ltr'><strong>fuerit,</strong></span> <span class='ocrx_word' id='word_1_213' title='bbox 498 2477 560 2515; x_wconf 90' lang='lat' dir='ltr'><strong>non</strong></span> <span class='ocrx_word' id='word_1_214' title='bbox 574 2465 721 2536; x_wconf 77' lang='lat' dir='ltr'><strong>apparent.</strong></span> <span class='ocrx_word' id='word_1_215' title='bbox 762 2459 823 2516; x_wconf 88' lang='lat' dir='ltr'><strong>Nec</strong></span> <span class='ocrx_word' id='word_1_216' title='bbox 839 2458 974 2536; x_wconf 82' lang='lat' dir='ltr'><strong>prolecto</strong></span> <span class='ocrx_word' id='word_1_217' title='bbox 990 2446 1072 2516; x_wconf 80' lang='lat' dir='ltr'><strong>eliud</strong></span> <span class='ocrx_word' id='word_1_218' title='bbox 1087 2475 1194 2514; x_wconf 88' lang='lat' dir='ltr'><strong>nomeu</strong></span> <span class='ocrx_word' id='word_1_219' title='bbox 1210 2454 1287 2514; x_wconf 88' lang='lat' dir='ltr'><strong>huic</strong></span> <span class='ocrx_word' id='word_1_220' title='bbox 1302 2459 1365 2516; x_wconf 84' lang='lat' dir='ltr'><strong>sedi</strong></span> 
     </span>
     <span class='ocr_line' id='line_1_26' title="bbox 269 2540 1363 2621; baseline 0.003 -23"><span class='ocrx_word' id='word_1_221' title='bbox 269 2541 519 2600; x_wconf 73' lang='lat' dir='ltr'><strong>accommodatius</strong></span> <span class='ocrx_word' id='word_1_222' title='bbox 532 2541 656 2621; x_wconf 86' lang='lat' dir='ltr'><strong>reperiri</strong></span> <span class='ocrx_word' id='word_1_223' title='bbox 671 2541 789 2619; x_wconf 89' lang='lat' dir='ltr'><strong>poterit.</strong></span> <span class='ocrx_word' id='word_1_224' title='bbox 832 2541 930 2600; x_wconf 77' lang='lat' dir='ltr'><strong>Aiacis</strong></span> <span class='ocrx_word' id='word_1_225' title='bbox 945 2540 1022 2600; x_wconf 86' lang='lat' dir='ltr'><strong>enim</strong></span> <span class='ocrx_word' id='word_1_226' title='bbox 1041 2561 1149 2599; x_wconf 89' lang='lat' dir='ltr'><strong>nomen</strong></span> <span class='ocrx_word' id='word_1_227' title='bbox 1162 2549 1192 2599; x_wconf 88' lang='lat' dir='ltr'><strong>et</strong></span> <span class='ocrx_word' id='word_1_228' title='bbox 1205 2541 1281 2600; x_wconf 74' lang='lat' dir='ltr'><strong>olibi</strong></span> <span class='ocrx_word' id='word_1_229' title='bbox 1295 2563 1363 2600; x_wconf 77' lang='lat' dir='ltr'><strong>osum</strong></span> 
     </span>
     <span class='ocr_line' id='line_1_27' title="bbox 268 2623 1365 2704; baseline 0 -20"><span class='ocrx_word' id='word_1_230' title='bbox 268 2623 387 2685; x_wconf 78' lang='lat' dir='ltr'><strong>Achille</strong></span> <span class='ocrx_word' id='word_1_231' title='bbox 410 2624 558 2702; x_wconf 81' lang='lat' dir='ltr'><strong>iungitur,</strong></span> <span class='ocrx_word' id='word_1_232' title='bbox 587 2635 634 2701; x_wconf 88' lang='lat' dir='ltr'><strong>et,</strong></span> <span class='ocrx_word' id='word_1_233' title='bbox 661 2626 743 2704; x_wconf 88' lang='lat' dir='ltr'><strong>quod</strong></span> <span class='ocrx_word' id='word_1_234' title='bbox 763 2626 801 2684; x_wconf 84' lang='lat' dir='ltr'><strong>ed</strong></span> <span class='ocrx_word' id='word_1_235' title='bbox 813 2635 948 2686; x_wconf 84' lang='lat' dir='ltr'><strong>nostrum</strong></span> <span class='ocrx_word' id='word_1_236' title='bbox 964 2625 1113 2704; x_wconf 81' lang='lat' dir='ltr'><strong>negotium</strong></span> <span class='ocrx_word' id='word_1_237' title='bbox 1128 2625 1217 2684; x_wconf 87' lang='lat' dir='ltr'><strong>unice</strong></span> <span class='ocrx_word' id='word_1_238' title='bbox 1233 2627 1325 2700; x_wconf 74' lang='lat' dir='ltr'><strong>lecit,</strong></span> <span class='ocrx_word' id='word_1_239' title='bbox 1346 2648 1365 2684; x_wconf 85' lang='lat' dir='ltr'><strong>ss</strong></span> 
     </span>
     <span class='ocr_line' id='line_1_28' title="bbox 268 2704 1364 2790; baseline 0.003 -24"><span class='ocrx_word' id='word_1_240' title='bbox 268 2707 432 2766; x_wconf 85' lang='lat' dir='ltr'><strong>Theodosio</strong></span> <span class='ocrx_word' id='word_1_241' title='bbox 447 2709 514 2788; x_wconf 88' lang='lat' dir='ltr'><strong>ipso</strong></span> <span class='ocrx_word' id='word_1_242' title='bbox 528 2709 551 2772; x_wconf 91' lang='lat' dir='ltr'><strong>l.</strong></span> <span class='ocrx_word' id='word_1_243' title='bbox 563 2712 614 2774; x_wconf 82' lang='lat'><strong>37.</strong></span> <span class='ocrx_word' id='word_1_244' title='bbox 642 2710 733 2784; x_wconf 71' lang='grc' dir='ltr'><strong><em>Αἴας,</em></strong></span> <span class='ocrx_word' id='word_1_245' title='bbox 754 2704 914 2790; x_wconf 68' lang='grc' dir='ltr'><strong><em>Ἀχιλλενς,</em></strong></span> <span class='ocrx_word' id='word_1_246' title='bbox 933 2705 1101 2783; x_wconf 69' lang='grc' dir='ltr'><em>Ὀδυσσεύς.</em></span> <span class='ocrx_word' id='word_1_247' title='bbox 1129 2709 1159 2768; x_wconf 86' lang='lat' dir='ltr'><strong>Si</strong></span> <span class='ocrx_word' id='word_1_248' title='bbox 1175 2709 1245 2787; x_wconf 87' lang='lat' dir='ltr'><strong>quis</strong></span> <span class='ocrx_word' id='word_1_249' title='bbox 1260 2719 1364 2769; x_wconf 75' lang='lat' dir='ltr'><strong>temen</strong></span> 
     </span>
     <span class='ocr_line' id='line_1_29' title="bbox 267 2789 1363 2874; baseline 0.005 -26"><span class='ocrx_word' id='word_1_250' title='bbox 267 2799 363 2850; x_wconf 87' lang='lat' dir='ltr'><strong>totsm</strong></span> <span class='ocrx_word' id='word_1_251' title='bbox 379 2791 457 2851; x_wconf 81' lang='lat' dir='ltr'><strong>lieno</strong></span> <span class='ocrx_word' id='word_1_252' title='bbox 474 2793 511 2852; x_wconf 82' lang='lat' dir='ltr'><strong>sle</strong></span> <span class='ocrx_word' id='word_1_253' title='bbox 527 2793 673 2854; x_wconf 78' lang='lat' dir='ltr'><strong>vocobulo</strong></span> <span class='ocrx_word' id='word_1_254' title='bbox 695 2799 827 2874; x_wconf 78' lang='grc' dir='ltr'><strong><em>πομπίος</em></strong></span> <span class='ocrx_word' id='word_1_255' title='bbox 841 2815 864 2854; x_wconf 89' lang='lat' dir='ltr'><strong>s.</strong></span> <span class='ocrx_word' id='word_1_256' title='bbox 879 2789 1007 2874; x_wconf 80' lang='grc' dir='ltr'><strong><em>πόμπιος</em></strong></span> <span class='ocrx_word' id='word_1_257' title='bbox 1022 2793 1255 2873; x_wconf 79' lang='lat' dir='ltr'><strong>disputationem</strong></span> <span class='ocrx_word' id='word_1_258' title='bbox 1271 2795 1363 2855; x_wconf 86' lang='lat' dir='ltr'><strong>nimis</strong></span> 
     </span>
     <span class='ocr_line' id='line_1_30' title="bbox 265 2873 1362 2958; baseline 0.004 -24"><span class='ocrx_word' id='word_1_259' title='bbox 265 2873 413 2934; x_wconf 79' lang='lat' dir='ltr'><strong>lubricum</strong></span> <span class='ocrx_word' id='word_1_260' title='bbox 425 2895 486 2934; x_wconf 89' lang='lat' dir='ltr'><strong>esse</strong></span> <span class='ocrx_word' id='word_1_261' title='bbox 502 2877 621 2954; x_wconf 84' lang='lat' dir='ltr'><strong>dixerit,</strong></span> <span class='ocrx_word' id='word_1_262' title='bbox 644 2899 704 2937; x_wconf 88' lang='lat' dir='ltr'><strong>uon</strong></span> <span class='ocrx_word' id='word_1_263' title='bbox 722 2879 849 2938; x_wconf 88' lang='lat' dir='ltr'><strong>multum</strong></span> <span class='ocrx_word' id='word_1_264' title='bbox 864 2877 1035 2958; x_wconf 82' lang='lat' dir='ltr'><strong>refregehor</strong></span> <span class='ocrx_word' id='word_1_265' title='bbox 1049 2879 1195 2956; x_wconf 88' lang='lat' dir='ltr'><strong>equidem,</strong></span> <span class='ocrx_word' id='word_1_266' title='bbox 1216 2880 1362 2956; x_wconf 76' lang='lat' dir='ltr'><strong>gestium·</strong></span> 
     </span>
     <span class='ocr_line' id='line_1_31' title="bbox 266 2957 1361 3042; baseline 0.006 -25"><span class='ocrx_word' id='word_1_267' title='bbox 266 2977 325 3037; x_wconf 86' lang='lat' dir='ltr'><strong>que</strong></span> <span class='ocrx_word' id='word_1_268' title='bbox 344 2957 472 3035; x_wconf 77' lang='lat' dir='ltr'><strong>habebo,</strong></span> <span class='ocrx_word' id='word_1_269' title='bbox 494 2961 520 3019; x_wconf 91' lang='lat' dir='ltr'><strong>si</strong></span> <span class='ocrx_word' id='word_1_270' title='bbox 536 2961 601 3039; x_wconf 87' lang='lat' dir='ltr'><strong>quis</strong></span> <span class='ocrx_word' id='word_1_271' title='bbox 616 2961 820 3039; x_wconf 75' lang='lat' dir='ltr'><strong>difficultates,</strong></span> <span class='ocrx_word' id='word_1_272' title='bbox 842 2983 918 3042; x_wconf 83' lang='lat' dir='ltr'><strong>quae</strong></span> <span class='ocrx_word' id='word_1_273' title='bbox 929 2963 1034 3024; x_wconf 85' lang='lat' dir='ltr'><strong>ineunt</strong></span> <span class='ocrx_word' id='word_1_274' title='bbox 1054 2983 1122 3022; x_wconf 86' lang='lat' dir='ltr'><strong>cusu</strong></span> <span class='ocrx_word' id='word_1_275' title='bbox 1138 2963 1171 3020; x_wconf 90' lang='lat' dir='ltr'><strong>iu</strong></span> <span class='ocrx_word' id='word_1_276' title='bbox 1186 2964 1282 3023; x_wconf 77' lang='lat' dir='ltr'><strong>forme</strong></span> <span class='ocrx_word' id='word_1_277' title='bbox 1303 2985 1361 3024; x_wconf 88' lang='lat' dir='ltr'><strong>no-</strong></span> 
     </span>
     <span class='ocr_line' id='line_1_32' title="bbox 265 3042 1362 3128; baseline 0.009 -28"><span class='ocrx_word' id='word_1_278' title='bbox 265 3042 354 3102; x_wconf 86' lang='lat' dir='ltr'><strong>minis</strong></span> <span class='ocrx_word' id='word_1_279' title='bbox 368 3045 507 3122; x_wconf 77' lang='grc' dir='ltr'><strong><em>Πομπίος</em></strong></span> <span class='ocrx_word' id='word_1_280' title='bbox 525 3065 581 3125; x_wconf 86' lang='lat' dir='ltr'><strong>pro</strong></span> <span class='ocrx_word' id='word_1_281' title='bbox 598 3042 759 3128; x_wconf 76' lang='grc' dir='ltr'><strong><em>Πομπήϊος</em></strong></span> <span class='ocrx_word' id='word_1_282' title='bbox 774 3047 904 3128; x_wconf 76' lang='lat' dir='ltr'><strong>accepti,</strong></span> <span class='ocrx_word' id='word_1_283' title='bbox 924 3058 992 3108; x_wconf 87' lang='lat' dir='ltr'><strong>tuus</strong></span> <span class='ocrx_word' id='word_1_284' title='bbox 1009 3047 1044 3107; x_wconf 88' lang='lat' dir='ltr'><strong>iu</strong></span> <span class='ocrx_word' id='word_1_285' title='bbox 1057 3045 1200 3126; x_wconf 79' lang='lat' dir='ltr'><strong>historie,</strong></span> <span class='ocrx_word' id='word_1_286' title='bbox 1222 3049 1362 3110; x_wconf 73' lang='lat' dir='ltr'><strong>faciliore</strong></span> 
     </span>
     <span class='ocr_line' id='line_1_33' title="bbox 263 3127 635 3210; baseline 0.008 -24"><span class='ocrx_word' id='word_1_287' title='bbox 263 3127 381 3187; x_wconf 80' lang='lat' dir='ltr'><strong>ustione</strong></span> <span class='ocrx_word' id='word_1_288' title='bbox 393 3130 527 3190; x_wconf 86' lang='lat' dir='ltr'><strong>solverit.</strong></span> <span class='ocrx_word' id='word_1_289' title='bbox 551 3131 584 3189; x_wconf 86' lang='lat' dir='ltr'><strong>F.</strong></span> <span class='ocrx_word' id='word_1_290' title='bbox 599 3130 635 3210; x_wconf 89' lang='lat'><strong>1.]</strong></span> 
     </span>
    </p>

    <p class='ocr_par' dir='ltr' id='par_1_3' title="bbox 251 3209 1359 4304">
     <span class='ocr_line' id='line_1_34' title="bbox 349 3209 1359 3296; baseline -0.001 -18"><span class='ocrx_word' id='word_1_291' title='bbox 349 3217 398 3280; x_wconf 88' lang='grc'><strong>19.</strong></span> <span class='ocrx_word' id='word_1_292' title='bbox 419 3209 467 3275; x_wconf 66' lang='lat' dir='ltr'><strong>ml</strong></span> <span class='ocrx_word' id='word_1_293' title='bbox 485 3211 518 3276; x_wconf 79' lang='lat' dir='ltr'><strong>di</strong></span> <span class='ocrx_word' id='word_1_294' title='bbox 534 3221 655 3278; x_wconf 73' lang='grc' dir='ltr'><strong><em>κτυπῶν</em></strong></span> <span class='ocrx_word' id='word_1_295' title='bbox 674 3209 809 3296; x_wconf 81' lang='grc' dir='ltr'><strong><em>Ὅμηρε]</em></strong></span> <span class='ocrx_word' id='word_1_296' title='bbox 837 3215 1021 3278; x_wconf 88' lang='lat' dir='ltr'><strong>Theodosius</strong></span> <span class='ocrx_word' id='word_1_297' title='bbox 1041 3215 1205 3276; x_wconf 84' lang='lat' dir='ltr'><strong>Homerum</strong></span> <span class='ocrx_word' id='word_1_298' title='bbox 1227 3217 1359 3296; x_wconf 78' lang='lat' dir='ltr'><strong>incusat,</strong></span> 
     </span>
     <span class='ocr_line' id='line_1_35' title="bbox 263 3295 1359 3379; baseline 0.006 -23"><span class='ocrx_word' id='word_1_299' title='bbox 263 3297 345 3376; x_wconf 89' lang='lat' dir='ltr'><strong>quod</strong></span> <span class='ocrx_word' id='word_1_300' title='bbox 359 3295 390 3355; x_wconf 92' lang='lat' dir='ltr'><strong>in</strong></span> <span class='ocrx_word' id='word_1_301' title='bbox 405 3297 496 3357; x_wconf 84' lang='lat' dir='ltr'><strong>lliede</strong></span> <span class='ocrx_word' id='word_1_302' title='bbox 508 3300 606 3358; x_wconf 86' lang='lat' dir='ltr'><strong>omniu</strong></span> <span class='ocrx_word' id='word_1_303' title='bbox 619 3320 674 3379; x_wconf 91' lang='lat' dir='ltr'><strong>pro</strong></span> <span class='ocrx_word' id='word_1_304' title='bbox 686 3300 785 3359; x_wconf 61' lang='lat' dir='ltr'><strong>,tubiro</strong></span> <span class='ocrx_word' id='word_1_305' title='bbox 798 3321 852 3360; x_wconf 85' lang='lat' dir='ltr'><strong>suo</strong></span> <span class='ocrx_word' id='word_1_306' title='bbox 868 3302 1062 3375; x_wconf 85' lang='lat' dir='ltr'><strong>confinxerit,</strong></span> <span class='ocrx_word' id='word_1_307' title='bbox 1084 3301 1219 3378; x_wconf 86' lang='lat' dir='ltr'><strong>nihilque</strong></span> <span class='ocrx_word' id='word_1_308' title='bbox 1234 3303 1275 3362; x_wconf 90' lang='lat' dir='ltr'><strong>de</strong></span> <span class='ocrx_word' id='word_1_309' title='bbox 1285 3323 1359 3363; x_wconf 82' lang='lat' dir='ltr'><strong>vers</strong></span> 
     </span>
     <span class='ocr_line' id='line_1_36' title="bbox 262 3379 1358 3464; baseline 0.009 -26"><span class='ocrx_word' id='word_1_310' title='bbox 262 3380 368 3440; x_wconf 82' lang='lat' dir='ltr'><strong>Troiae</strong></span> <span class='ocrx_word' id='word_1_311' title='bbox 393 3379 518 3442; x_wconf 87' lang='lat' dir='ltr'><strong>historie</strong></span> <span class='ocrx_word' id='word_1_312' title='bbox 543 3385 704 3464; x_wconf 67' lang='lat' dir='ltr'><strong>scripserit„</strong></span> <span class='ocrx_word' id='word_1_313' title='bbox 748 3385 902 3444; x_wconf 87' lang='lat' dir='ltr'><strong>Obieceret</strong></span> <span class='ocrx_word' id='word_1_314' title='bbox 924 3387 982 3446; x_wconf 92' lang='lat' dir='ltr'><strong>hoc</strong></span> <span class='ocrx_word' id='word_1_315' title='bbox 1005 3387 1134 3445; x_wconf 87' lang='lat' dir='ltr'><strong>Homero</strong></span> <span class='ocrx_word' id='word_1_316' title='bbox 1159 3385 1276 3445; x_wconf 87' lang='lat' dir='ltr'><strong>crimen</strong></span> <span class='ocrx_word' id='word_1_317' title='bbox 1296 3387 1358 3448; x_wconf 83' lang='lat' dir='ltr'><strong>ism</strong></span> 
     </span>
     <span class='ocr_line' id='line_1_37' title="bbox 261 3465 1357 3550; baseline 0.006 -26"><span class='ocrx_word' id='word_1_318' title='bbox 261 3474 347 3524; x_wconf 77' lang='lat' dir='ltr'><strong>entes</strong></span> <span class='ocrx_word' id='word_1_319' title='bbox 362 3465 417 3524; x_wconf 88' lang='lat' dir='ltr'><strong>Dio</strong></span> <span class='ocrx_word' id='word_1_320' title='bbox 430 3466 656 3547; x_wconf 78' lang='lat' dir='ltr'><strong>chrysostomus</strong></span> <span class='ocrx_word' id='word_1_321' title='bbox 671 3469 753 3531; x_wconf 73' lang='lat' dir='ltr'><strong>Oret</strong></span> <span class='ocrx_word' id='word_1_322' title='bbox 768 3469 822 3546; x_wconf 91' lang='lat' dir='ltr'><strong>Xl,</strong></span> <span class='ocrx_word' id='word_1_323' title='bbox 844 3489 930 3550; x_wconf 82' lang='lat' dir='ltr'><strong>quem</strong></span> <span class='ocrx_word' id='word_1_324' title='bbox 943 3481 1036 3530; x_wconf 79' lang='lat' dir='ltr'><strong>totum</strong></span> <span class='ocrx_word' id='word_1_325' title='bbox 1051 3471 1089 3528; x_wconf 82' lang='lat' dir='ltr'><strong>ad</strong></span> <span class='ocrx_word' id='word_1_326' title='bbox 1101 3471 1265 3530; x_wconf 86' lang='lat' dir='ltr'><strong>Homerum</strong></span> <span class='ocrx_word' id='word_1_327' title='bbox 1277 3491 1357 3531; x_wconf 87' lang='lat' dir='ltr'><strong>con-</strong></span> 
     </span>
     <span class='ocr_line' id='line_1_38' title="bbox 259 3547 1355 3638; baseline 0.013 -32"><span class='ocrx_word' id='word_1_328' title='bbox 259 3547 431 3608; x_wconf 79' lang='lat' dir='ltr'><strong>viciandum</strong></span> <span class='ocrx_word' id='word_1_329' title='bbox 456 3553 664 3629; x_wconf 78' lang='lat' dir='ltr'><strong>concinnavit,</strong></span> <span class='ocrx_word' id='word_1_330' title='bbox 693 3553 743 3612; x_wconf 91' lang='lat' dir='ltr'><strong>ubi</strong></span> <span class='ocrx_word' id='word_1_331' title='bbox 765 3553 844 3614; x_wconf 88' lang='lat' dir='ltr'><strong>inter</strong></span> <span class='ocrx_word' id='word_1_332' title='bbox 868 3565 966 3615; x_wconf 85' lang='lat' dir='ltr'><strong>cetere</strong></span> <span class='ocrx_word' id='word_1_333' title='bbox 982 3559 1077 3616; x_wconf 77' lang='lat' dir='ltr'><strong>sorim</strong></span> <span class='ocrx_word' id='word_1_334' title='bbox 1098 3554 1132 3618; x_wconf 72' lang='grc' dir='ltr'><strong>δέ</strong></span> <span class='ocrx_word' id='word_1_335' title='bbox 1153 3578 1206 3632; x_wconf 78' lang='grc' dir='ltr'><strong>μοι</strong></span> <span class='ocrx_word' id='word_1_336' title='bbox 1228 3557 1355 3638; x_wconf 68' lang='grc' dir='ltr'><strong>εἴρηται,</strong></span> 
     </span>
     <span class='ocr_line' id='line_1_39' title="bbox 258 3631 1355 3743; baseline 0.01 -52"><span class='ocrx_word' id='word_1_337' title='bbox 258 3631 358 3712; x_wconf 85' lang='lat' dir='ltr'><strong>inquit</strong></span> <span class='ocrx_word' id='word_1_338' title='bbox 380 3655 446 3714; x_wconf 76' lang='lat' dir='ltr'><strong>peg-</strong></span> <span class='ocrx_word' id='word_1_339' title='bbox 463 3639 538 3712; x_wconf 86' lang='lat'><strong>157,</strong></span> <span class='ocrx_word' id='word_1_340' title='bbox 565 3633 663 3716; x_wconf 71' lang='grc' dir='ltr'><strong><em>ὥσπερ</em></strong></span> <span class='ocrx_word' id='word_1_341' title='bbox 684 3633 745 3716; x_wconf 76' lang='grc' dir='ltr'><strong>ἤδη</strong></span> <span class='ocrx_word' id='word_1_342' title='bbox 763 3637 857 3718; x_wconf 74' lang='grc' dir='ltr'><strong><em>ἔφην,</em></strong></span> <span class='ocrx_word' id='word_1_343' title='bbox 885 3635 923 3702; x_wconf 80' lang='lat' dir='ltr'><strong>osi</strong></span> <span class='ocrx_word' id='word_1_344' title='bbox 940 3641 1119 3743; x_wconf 65' lang='lat' dir='ltr'><strong>sornyoplor</strong></span> <span class='ocrx_word' id='word_1_345' title='bbox 1137 3638 1257 3716; x_wconf 78' lang='grc' dir='ltr'><strong><em>ἕνεκεν,</em></strong></span> <span class='ocrx_word' id='word_1_346' title='bbox 1284 3635 1355 3702; x_wconf 79' lang='lat' dir='ltr'><strong>‹ttr’</strong></span> 
     </span>
     <span class='ocr_line' id='line_1_40' title="bbox 258 3711 1354 3827; baseline 0.007 -49"><span class='ocrx_word' id='word_1_347' title='bbox 258 3711 304 3779; x_wconf 79' lang='lat' dir='ltr'><strong>dm</strong></span> <span class='ocrx_word' id='word_1_348' title='bbox 319 3713 525 3799; x_wconf 67' lang='grc' dir='ltr'><strong>ἀνδρειότατος</strong></span> <span class='ocrx_word' id='word_1_349' title='bbox 537 3712 579 3801; x_wconf 75' lang='grc' dir='ltr'><strong>ἦν</strong></span> <span class='ocrx_word' id='word_1_350' title='bbox 594 3715 768 3802; x_wconf 63' lang='grc' dir='ltr'><strong>ἀνθρώπων</strong></span> <span class='ocrx_word' id='word_1_351' title='bbox 786 3719 861 3803; x_wconf 65' lang='lat' dir='ltr'><strong>node</strong></span> <span class='ocrx_word' id='word_1_352' title='bbox 875 3720 909 3786; x_wconf 65' lang='lat' dir='ltr'><strong>so*</strong></span> <span class='ocrx_word' id='word_1_353' title='bbox 930 3727 1046 3803; x_wconf 82' lang='grc' dir='ltr'><em>ψεῦδος</em></span> <span class='ocrx_word' id='word_1_354' title='bbox 1073 3729 1209 3827; x_wconf 54' lang='grc' dir='ltr'><strong>Ομνίρος·</strong></span> <span class='ocrx_word' id='word_1_355' title='bbox 1230 3725 1284 3786; x_wconf 70' lang='lat' dir='ltr'><strong>zet</strong></span> <span class='ocrx_word' id='word_1_356' title='bbox 1297 3719 1354 3806; x_wconf 68' lang='lat' dir='ltr'><strong>oriz</strong></span> 
     </span>
     <span class='ocr_line' id='line_1_41' title="bbox 256 3797 1353 3892; baseline 0.005 -29"><span class='ocrx_word' id='word_1_357' title='bbox 256 3797 355 3880; x_wconf 74' lang='grc' dir='ltr'><strong><em>ἥττων</em></strong></span> <span class='ocrx_word' id='word_1_358' title='bbox 381 3799 506 3885; x_wconf 69' lang='grc' dir='ltr'><strong><em>ἐθάρρει</em></strong></span> <span class='ocrx_word' id='word_1_359' title='bbox 526 3804 576 3866; x_wconf 78' lang='lat' dir='ltr'><strong>sul</strong></span> <span class='ocrx_word' id='word_1_360' title='bbox 598 3801 772 3886; x_wconf 72' lang='grc' dir='ltr'><strong><em>ἐσεμνύνετο</em></strong></span> <span class='ocrx_word' id='word_1_361' title='bbox 793 3807 842 3869; x_wconf 74' lang='grc' dir='ltr'><strong>ἐπὶ</strong></span> <span class='ocrx_word' id='word_1_362' title='bbox 860 3811 906 3892; x_wconf 76' lang='lat' dir='ltr'><strong>spi</strong></span> <span class='ocrx_word' id='word_1_363' title='bbox 930 3803 1103 3888; x_wconf 74' lang='grc' dir='ltr'><strong><em>ψεύδεσθαι</em></strong></span> <span class='ocrx_word' id='word_1_364' title='bbox 1121 3831 1142 3888; x_wconf 82' lang='grc' dir='ltr'><strong><em>η</em></strong></span> <span class='ocrx_word' id='word_1_365' title='bbox 1166 3811 1210 3890; x_wconf 79' lang='lat' dir='ltr'><strong>spi</strong></span> <span class='ocrx_word' id='word_1_366' title='bbox 1230 3803 1353 3890; x_wconf 69' lang='grc' dir='ltr'><strong><em>τᾶληθῆ</em></strong></span> 
     </span>
     <span class='ocr_line' id='line_1_42' title="bbox 256 3882 1352 3972; baseline 0.009 -26"><span class='ocrx_word' id='word_1_367' title='bbox 256 3884 369 3967; x_wconf 72' lang='grc' dir='ltr'><strong><em>λέγειν·</em></strong></span> <span class='ocrx_word' id='word_1_368' title='bbox 391 3882 469 3952; x_wconf 74' lang='lat' dir='ltr'><strong>odron</strong></span> <span class='ocrx_word' id='word_1_369' title='bbox 487 3884 544 3971; x_wconf 62' lang='grc' dir='ltr'><strong>γάρ</strong></span> <span class='ocrx_word' id='word_1_370' title='bbox 558 3895 722 3954; x_wconf 78' lang='grc' dir='ltr'><strong><em>σκοποῦσιν</em></strong></span> <span class='ocrx_word' id='word_1_371' title='bbox 737 3883 833 3954; x_wconf 73' lang='grc' dir='ltr'><strong><em>ον’θὲν</em></strong></span> <span class='ocrx_word' id='word_1_372' title='bbox 851 3891 893 3953; x_wconf 81' lang='lat' dir='ltr'><strong>l&#39;n</strong></span> <span class='ocrx_word' id='word_1_373' title='bbox 910 3895 1055 3972; x_wconf 77' lang='grc' dir='ltr'><strong><em>φαίνηται</em></strong></span> <span class='ocrx_word' id='word_1_374' title='bbox 1067 3887 1256 3972; x_wconf 69' lang='grc' dir='ltr'><strong><em>παράδοξον,</em></strong></span> <span class='ocrx_word' id='word_1_375' title='bbox 1279 3888 1352 3956; x_wconf 73' lang='lat' dir='ltr'><strong>stet</strong></span> 
     </span>
     <span class='ocr_line' id='line_1_43' title="bbox 255 3964 1350 4059; baseline 0.007 -27"><span class='ocrx_word' id='word_1_376' title='bbox 255 3964 398 4048; x_wconf 71' lang='grc' dir='ltr'><strong><em>ἄπιστον,</em></strong></span> <span class='ocrx_word' id='word_1_377' title='bbox 417 3976 477 4034; x_wconf 75' lang='grc' dir='ltr'><strong>τῶν</strong></span> <span class='ocrx_word' id='word_1_378' title='bbox 492 3967 551 4035; x_wconf 77' lang='lat' dir='ltr'><strong>rin&#39;</strong></span> <span class='ocrx_word' id='word_1_379' title='bbox 567 3973 643 4054; x_wconf 73' lang='grc' dir='ltr'><strong><em>ἐμοῦ</em></strong></span> <span class='ocrx_word' id='word_1_380' title='bbox 657 3974 872 4053; x_wconf 70' lang='grc' dir='ltr'><strong>δεικνυμένων*</strong></span> <span class='ocrx_word' id='word_1_381' title='bbox 895 3970 967 4039; x_wconf 75' lang='lat' dir='ltr'><strong>risilol</strong></span> <span class='ocrx_word' id='word_1_382' title='bbox 982 3975 1090 4058; x_wconf 73' lang='grc' dir='ltr'><strong><em>σμικρὰ</em></strong></span> <span class='ocrx_word' id='word_1_383' title='bbox 1104 3973 1157 4050; x_wconf 73' lang='lat' dir='ltr'><strong>nul</strong></span> <span class='ocrx_word' id='word_1_384' title='bbox 1170 3971 1350 4059; x_wconf 62' lang='lat' dir='ltr'><strong>inopom</strong></span> 
     </span>
     <span class='ocr_line' id='line_1_44' title="bbox 253 4047 1346 4140; baseline 0.005 -26"><span class='ocrx_word' id='word_1_385' title='bbox 253 4047 413 4134; x_wconf 70' lang='grc' dir='ltr'><strong>ψεύσματα</strong></span> <span class='ocrx_word' id='word_1_386' title='bbox 430 4053 505 4139; x_wconf 75' lang='grc' dir='ltr'><strong>πρὸς</strong></span> <span class='ocrx_word' id='word_1_387' title='bbox 519 4064 592 4120; x_wconf 75' lang='grc' dir='ltr'><strong>θεῖα</strong></span> <span class='ocrx_word' id='word_1_388' title='bbox 612 4057 664 4122; x_wconf 80' lang='lat' dir='ltr'><strong>sol</strong></span> <span class='ocrx_word' id='word_1_389' title='bbox 683 4053 805 4140; x_wconf 76' lang='grc' dir='ltr'><strong>μεγάλα.</strong></span> <span class='ocrx_word' id='word_1_390' title='bbox 846 4063 944 4120; x_wconf 87' lang='lat' dir='ltr'><strong>Porro</strong></span> <span class='ocrx_word' id='word_1_391' title='bbox 965 4061 1041 4121; x_wconf 83' lang='lat' dir='ltr'><strong>Isaeo</strong></span> <span class='ocrx_word' id='word_1_392' title='bbox 1060 4085 1081 4120; x_wconf 89' lang='lat' dir='ltr'><strong><em>a</em></strong></span> <span class='ocrx_word' id='word_1_393' title='bbox 1097 4079 1143 4120; x_wconf 80' lang='lat' dir='ltr'><strong>me</strong></span> <span class='ocrx_word' id='word_1_394' title='bbox 1159 4057 1245 4120; x_wconf 78' lang='lat' dir='ltr'><strong>dioto</strong></span> <span class='ocrx_word' id='word_1_395' title='bbox 1266 4073 1346 4134; x_wconf 71' lang='grc' dir='ltr'><strong>νων,</strong></span> 
     </span>
     <span class='ocr_line' id='line_1_45' title="bbox 253 4138 1349 4226; baseline 0.007 -30"><span class='ocrx_word' id='word_1_396' title='bbox 253 4138 505 4217; x_wconf 76' lang='lat' dir='ltr'><strong>quemadmodum</strong></span> <span class='ocrx_word' id='word_1_397' title='bbox 518 4138 593 4218; x_wconf 74' lang='lat' dir='ltr'><strong>dixi,</strong></span> <span class='ocrx_word' id='word_1_398' title='bbox 615 4165 676 4204; x_wconf 86' lang='lat' dir='ltr'><strong>non</strong></span> <span class='ocrx_word' id='word_1_399' title='bbox 689 4143 857 4204; x_wconf 70' lang='lat' dir='ltr'><strong>accusanda·</strong></span> <span class='ocrx_word' id='word_1_400' title='bbox 867 4149 986 4225; x_wconf 75' lang='lat' dir='ltr'><strong>gratio,</strong></span> <span class='ocrx_word' id='word_1_401' title='bbox 1006 4145 1061 4204; x_wconf 83' lang='lat' dir='ltr'><strong>sed</strong></span> <span class='ocrx_word' id='word_1_402' title='bbox 1070 4143 1242 4217; x_wconf 80' lang='lat' dir='ltr'><strong>indicendi,</strong></span> <span class='ocrx_word' id='word_1_403' title='bbox 1264 4143 1349 4226; x_wconf 75' lang='lat' dir='ltr'><strong>quod</strong></span> 
     </span>
     <span class='ocr_line' id='line_1_46' title="bbox 251 4219 1345 4304; baseline 0.009 -24"><span class='ocrx_word' id='word_1_404' title='bbox 251 4219 482 4284; x_wconf 78' lang='lat' dir='ltr'><strong>audacissimus</strong></span> <span class='ocrx_word' id='word_1_405' title='bbox 504 4225 664 4288; x_wconf 73' lang='lat' dir='ltr'><strong>hominum</strong></span> <span class='ocrx_word' id='word_1_406' title='bbox 681 4231 778 4304; x_wconf 81' lang='lat' dir='ltr'><strong>fuerit</strong></span> <span class='ocrx_word' id='word_1_407' title='bbox 799 4228 845 4288; x_wconf 82' lang='lat' dir='ltr'><strong>od</strong></span> <span class='ocrx_word' id='word_1_408' title='bbox 860 4229 1019 4290; x_wconf 81' lang='lat' dir='ltr'><strong>mendacio</strong></span> <span class='ocrx_word' id='word_1_409' title='bbox 1031 4233 1205 4290; x_wconf 70' lang='lat' dir='ltr'><strong>Homeroe=</strong></span> <span class='ocrx_word' id='word_1_410' title='bbox 1235 4243 1263 4288; x_wconf 80' lang='lat' dir='ltr'><strong>et</strong></span> <span class='ocrx_word' id='word_1_411' title='bbox 1283 4251 1345 4290; x_wconf 79' lang='lat' dir='ltr'><strong>nors</strong></span> 
     </span>
    </p>
   </div>
   <div class='ocr_carea' id='block_1_3' title="bbox 115 4307 1344 4396">
    <p class='ocr_par' dir='ltr' id='par_1_4' title="bbox 115 4307 1344 4396">
     <span class='ocr_line' id='line_1_47' title="bbox 115 4307 1344 4396; baseline 0.009 -31"><span class='ocrx_word' id='word_1_412' title='bbox 115 4369 132 4386; x_wconf 70' lang='lat'><strong>‚,</strong></span> <span class='ocrx_word' id='word_1_413' title='bbox 249 4309 353 4367; x_wconf 81' lang='lat' dir='ltr'><strong>minos</strong></span> <span class='ocrx_word' id='word_1_414' title='bbox 377 4307 528 4388; x_wconf 79' lang='lat' dir='ltr'><strong>confidem</strong></span> <span class='ocrx_word' id='word_1_415' title='bbox 547 4324 576 4370; x_wconf 78' lang='lat' dir='ltr'><strong>et</strong></span> <span class='ocrx_word' id='word_1_416' title='bbox 601 4311 808 4374; x_wconf 63' lang='lat' dir='ltr'><strong>mentando«</strong></span> <span class='ocrx_word' id='word_1_417' title='bbox 828 4316 862 4374; x_wconf 83' lang='lat' dir='ltr'><strong>in</strong></span> <span class='ocrx_word' id='word_1_418' title='bbox 880 4315 1048 4377; x_wconf 70' lang='lat' dir='ltr'><strong>mendaciis</strong></span> <span class='ocrx_word' id='word_1_419' title='bbox 1067 4311 1220 4389; x_wconf 63' lang='lat' dir='ltr'><strong>diemde,</strong></span> <span class='ocrx_word' id='word_1_420' title='bbox 1247 4335 1344 4396; x_wconf 78' lang='lat' dir='ltr'><strong>quase</strong></span> 
     </span>
    </p>
   </div>
   <div class='ocr_carea' id='block_1_4' title="bbox 0 0 1482 4858">
    <p class='ocr_par' dir='ltr' id='par_1_5' title="bbox 0 0 1482 4858">
     <span class='ocr_line' id='line_1_48' title="bbox 0 0 1482 4858; baseline 0 10"><span class='ocrx_word' id='word_1_421' title='bbox 0 0 1482 4858; x_wconf 95' lang='lat' dir='ltr'><strong> </strong></span> 
     </span>
    </p>
   </div>
  </div>
 </body>
</html>
