<?xml version="1.0" encoding="UTF-8"?>
<!DOCTYPE html PUBLIC "-//W3C//DTD XHTML 1.0 Transitional//EN"
    "http://www.w3.org/TR/xhtml1/DTD/xhtml1-transitional.dtd">
<html xmlns="http://www.w3.org/1999/xhtml" xml:lang="en" lang="en">
 <head>
  <title>
</title>
<meta http-equiv="Content-Type" content="text/html;charset=utf-8" />
  <meta name='ocr-system' content='tesseract 3.04.00' />
  <meta name='ocr-capabilities' content='ocr_page ocr_carea ocr_par ocr_line ocrx_word'/>
</head>
<body>
  <div class='ocr_page' id='page_1' title='image "./leonisdiaconica00liutgoog/leonisdiaconica00liutgoog_0561.png"; bbox 0 0 2730 5272; ppageno 0'>
   <div class='ocr_carea' id='block_1_1' title="bbox 193 403 1192 484">
    <p class='ocr_par' dir='ltr' id='par_1_1' title="bbox 193 375 1192 484">
     <span class='ocr_line' id='line_1_1' title="bbox 193 403 1192 484; baseline 0.002 -3"><span class='ocrx_word' id='word_1_1' title='bbox 193 403 269 481; x_wconf 80' lang='lat' dir='ltr'><strong>me</strong></span> <span class='ocrx_word' id='word_1_2' title='bbox 332 411 369 482; x_wconf 84' lang='grc' dir='ltr'><strong>ο.</strong></span> <span class='ocrx_word' id='word_1_3' title='bbox 383 413 419 484; x_wconf 81' lang='lat' dir='ltr'><strong>e.</strong></span> <span class='ocrx_word' id='word_1_4' title='bbox 434 411 550 482; x_wconf 82' lang='lat' dir='ltr'><strong>Htsu</strong></span> <span class='ocrx_word' id='word_1_5' title='bbox 561 411 713 484; x_wconf 76' lang='lat' dir='ltr'><strong>nores</strong></span> <span class='ocrx_word' id='word_1_6' title='bbox 730 413 774 482; x_wconf 84' lang='lat' dir='ltr'><strong>m</strong></span> <span class='ocrx_word' id='word_1_7' title='bbox 788 413 915 483; x_wconf 71' lang='lat' dir='ltr'><strong>ison.</strong></span> <span class='ocrx_word' id='word_1_8' title='bbox 934 413 1048 483; x_wconf 85' lang='lat' dir='ltr'><strong>nnc.</strong></span> <span class='ocrx_word' id='word_1_9' title='bbox 1061 415 1192 484; x_wconf 67' lang='lat' dir='ltr'><strong>nnn</strong></span> 
     </span>
    </p>
   </div>
   <div class='ocr_carea' id='block_1_2' title="bbox 90 563 1291 1506">
    <p class='ocr_par' dir='ltr' id='par_1_2' title="bbox 90 563 1291 1506">
     <span class='ocr_line' id='line_1_2' title="bbox 194 563 1291 655; baseline 0.001 -17"><span class='ocrx_word' id='word_1_10' title='bbox 194 569 306 638; x_wconf 76' lang='lat' dir='ltr'><strong>(lerete,</strong></span> <span class='ocrx_word' id='word_1_11' title='bbox 322 575 430 634; x_wconf 81' lang='lat' dir='ltr'><strong>Sancti</strong></span> <span class='ocrx_word' id='word_1_12' title='bbox 462 563 623 651; x_wconf 84' lang='lat' dir='ltr'><strong>Simeonis,</strong></span> <span class='ocrx_word' id='word_1_13' title='bbox 654 576 709 655; x_wconf 83' lang='lat' dir='ltr'><strong>qui</strong></span> <span class='ocrx_word' id='word_1_14' title='bbox 736 577 769 633; x_wconf 89' lang='lat' dir='ltr'><strong>in</strong></span> <span class='ocrx_word' id='word_1_15' title='bbox 798 569 942 633; x_wconf 81' lang='lat' dir='ltr'><strong>seditione</strong></span> <span class='ocrx_word' id='word_1_16' title='bbox 970 563 1111 634; x_wconf 75' lang='lat' dir='ltr'><strong>ctonena‘s&#39;</strong></span> <span class='ocrx_word' id='word_1_17' title='bbox 1137 576 1291 640; x_wconf 80' lang='lat' dir='ltr'><strong>occubuit.</strong></span> 
     </span>
     <span class='ocr_line' id='line_1_3' title="bbox 90 659 1290 740; baseline -0.001 -17"><span class='ocrx_word' id='word_1_18' title='bbox 90 703 92 710; x_wconf 56' lang='lat'><strong>.</strong></span> <span class='ocrx_word' id='word_1_19' title='bbox 193 663 255 724; x_wconf 88' lang='lat' dir='ltr'><strong>Nee</strong></span> <span class='ocrx_word' id='word_1_20' title='bbox 269 659 372 733; x_wconf 81' lang='lat' dir='ltr'><strong>facile,</strong></span> <span class='ocrx_word' id='word_1_21' title='bbox 393 669 428 719; x_wconf 91' lang='lat' dir='ltr'><strong>ut</strong></span> <span class='ocrx_word' id='word_1_22' title='bbox 441 659 500 719; x_wconf 92' lang='lat' dir='ltr'><strong>hoc</strong></span> <span class='ocrx_word' id='word_1_23' title='bbox 513 661 608 720; x_wconf 88' lang='lat' dir='ltr'><strong>obiter</strong></span> <span class='ocrx_word' id='word_1_24' title='bbox 620 659 726 736; x_wconf 85' lang='lat' dir='ltr'><strong>dicum,</strong></span> <span class='ocrx_word' id='word_1_25' title='bbox 748 681 782 719; x_wconf 81' lang='lat' dir='ltr'><strong>ee</strong></span> <span class='ocrx_word' id='word_1_26' title='bbox 794 660 826 720; x_wconf 89' lang='lat' dir='ltr'><strong>iu</strong></span> <span class='ocrx_word' id='word_1_27' title='bbox 838 661 974 720; x_wconf 85' lang='lat' dir='ltr'><strong>versione</strong></span> <span class='ocrx_word' id='word_1_28' title='bbox 985 661 1128 740; x_wconf 78' lang='lat' dir='ltr'><strong>pagellum</strong></span> <span class='ocrx_word' id='word_1_29' title='bbox 1142 663 1290 738; x_wconf 78' lang='lat' dir='ltr'><strong>invenies,</strong></span> 
     </span>
     <span class='ocr_line' id='line_1_4' title="bbox 194 744 1291 828; baseline 0.003 -23"><span class='ocrx_word' id='word_1_30' title='bbox 194 747 268 828; x_wconf 87' lang='lat' dir='ltr'><strong>quin</strong></span> <span class='ocrx_word' id='word_1_31' title='bbox 287 745 325 804; x_wconf 89' lang='lat' dir='ltr'><strong>sit</strong></span> <span class='ocrx_word' id='word_1_32' title='bbox 345 747 506 805; x_wconf 76' lang='lat' dir='ltr'><strong>deformata</strong></span> <span class='ocrx_word' id='word_1_33' title='bbox 528 745 695 821; x_wconf 78' lang='lat' dir='ltr'><strong>erroribus,</strong></span> <span class='ocrx_word' id='word_1_34' title='bbox 717 744 949 825; x_wconf 72' lang='lat' dir='ltr'>interpretisque</span> <span class='ocrx_word' id='word_1_35' title='bbox 970 765 1023 804; x_wconf 85' lang='lat' dir='ltr'><strong>seu</strong></span> <span class='ocrx_word' id='word_1_36' title='bbox 1039 746 1217 826; x_wconf 74' lang='lat' dir='ltr'><strong>imperitiam</strong></span> <span class='ocrx_word' id='word_1_37' title='bbox 1234 767 1291 808; x_wconf 85' lang='lat' dir='ltr'><strong>scu</strong></span> 
     </span>
     <span class='ocr_line' id='line_1_5' title="bbox 192 831 1288 912; baseline 0 -20"><span class='ocrx_word' id='word_1_38' title='bbox 192 831 379 892; x_wconf 74' lang='lat' dir='ltr'><strong>oscitantiam</strong></span> <span class='ocrx_word' id='word_1_39' title='bbox 405 833 522 912; x_wconf 83' lang='lat' dir='ltr'><strong>prodet.</strong></span> <span class='ocrx_word' id='word_1_40' title='bbox 566 831 655 890; x_wconf 88' lang='lat' dir='ltr'><strong>Velut</strong></span> <span class='ocrx_word' id='word_1_41' title='bbox 680 834 752 896; x_wconf 84' lang='lat'><strong>887.</strong></span> <span class='ocrx_word' id='word_1_42' title='bbox 782 832 816 888; x_wconf 85' lang='lat' dir='ltr'><strong>l).</strong></span> <span class='ocrx_word' id='word_1_43' title='bbox 839 831 1040 912; x_wconf 73' lang='lat' dir='ltr'><strong>Sophronias,</strong></span> <span class='ocrx_word' id='word_1_44' title='bbox 1070 831 1122 910; x_wconf 88' lang='lat' dir='ltr'><strong>qui</strong></span> <span class='ocrx_word' id='word_1_45' title='bbox 1139 853 1211 894; x_wconf 83' lang='lat' dir='ltr'><strong>esee.</strong></span> <span class='ocrx_word' id='word_1_46' title='bbox 1227 853 1288 895; x_wconf 76' lang='lat' dir='ltr'><strong>err.</strong></span> 
     </span>
     <span class='ocr_line' id='line_1_6' title="bbox 190 913 1290 996; baseline 0.001 -19"><span class='ocrx_word' id='word_1_47' title='bbox 190 915 414 994; x_wconf 82' lang='lat' dir='ltr'><strong>Hierosolymee</strong></span> <span class='ocrx_word' id='word_1_48' title='bbox 425 913 592 976; x_wconf 82' lang='lat' dir='ltr'><strong>Petriarclre</strong></span> <span class='ocrx_word' id='word_1_49' title='bbox 606 915 674 992; x_wconf 85' lang='lat' dir='ltr'><strong>fuit,</strong></span> <span class='ocrx_word' id='word_1_50' title='bbox 683 917 720 974; x_wconf 84' lang='lat' dir='ltr'><strong>ed</strong></span> <span class='ocrx_word' id='word_1_51' title='bbox 737 915 902 996; x_wconf 80' lang='lat' dir='ltr'><strong>Honorium</strong></span> <span class='ocrx_word' id='word_1_52' title='bbox 917 917 991 996; x_wconf 83' lang='lat' dir='ltr'><strong>hup.</strong></span> <span class='ocrx_word' id='word_1_53' title='bbox 1004 935 1079 975; x_wconf 83' lang='lat' dir='ltr'><strong>esec.</strong></span> <span class='ocrx_word' id='word_1_54' title='bbox 1092 936 1123 976; x_wconf 86' lang='lat' dir='ltr'><strong>v.</strong></span> <span class='ocrx_word' id='word_1_55' title='bbox 1138 928 1290 978; x_wconf 85' lang='lat' dir='ltr'><strong>mortuum</strong></span> 
     </span>
     <span class='ocr_line' id='line_1_7' title="bbox 191 993 1290 1088; baseline 0.004 -27"><span class='ocrx_word' id='word_1_56' title='bbox 191 1001 345 1081; x_wconf 85' lang='lat' dir='ltr'><strong>scripsisse</strong></span> <span class='ocrx_word' id='word_1_57' title='bbox 365 1001 477 1060; x_wconf 88' lang='lat' dir='ltr'><strong>dieitur</strong></span> <span class='ocrx_word' id='word_1_58' title='bbox 501 1001 671 1080; x_wconf 83' lang='lat' dir='ltr'><strong>epistolam,</strong></span> <span class='ocrx_word' id='word_1_59' title='bbox 702 995 725 1078; x_wconf 74' lang='lat' dir='ltr'><strong>ii</strong></span> <span class='ocrx_word' id='word_1_60' title='bbox 748 993 897 1078; x_wconf 76' lang='grc' dir='ltr'><strong>α’πεοτοὶλη</strong></span> <span class='ocrx_word' id='word_1_61' title='bbox 919 1001 952 1064; x_wconf 78' lang='grc' dir='ltr'><strong>ἐν</strong></span> <span class='ocrx_word' id='word_1_62' title='bbox 968 994 1062 1086; x_wconf 75' lang='lat' dir='ltr'><strong>‘Poipp</strong></span> <span class='ocrx_word' id='word_1_63' title='bbox 1083 999 1220 1087; x_wconf 78' lang='lat' dir='ltr'><strong>‘Oroplp</strong></span> <span class='ocrx_word' id='word_1_64' title='bbox 1242 1005 1290 1088; x_wconf 71' lang='grc' dir='ltr'><strong>τῷ</strong></span> 
     </span>
     <span class='ocr_line' id='line_1_8' title="bbox 191 1079 1291 1166; baseline -0.005 -19"><span class='ocrx_word' id='word_1_65' title='bbox 191 1081 301 1166; x_wconf 76' lang='grc' dir='ltr'><strong><em>ταύτης</em></strong></span> <span class='ocrx_word' id='word_1_66' title='bbox 319 1079 483 1166; x_wconf 71' lang='grc' dir='ltr'><strong>ἔπᾶρχοντι.</strong></span> <span class='ocrx_word' id='word_1_67' title='bbox 525 1083 684 1144; x_wconf 83' lang='lat' dir='ltr'><strong>Schottus:</strong></span> <span class='ocrx_word' id='word_1_68' title='bbox 705 1086 844 1143; x_wconf 78' lang='lat' dir='ltr'><em>Honorio</em></span> <span class='ocrx_word' id='word_1_69' title='bbox 866 1087 1006 1144; x_wconf 78' lang='lat' dir='ltr'><strong>Romano</strong></span> <span class='ocrx_word' id='word_1_70' title='bbox 1021 1086 1200 1166; x_wconf 74' lang='lat' dir='ltr'><em>Imperatori</em></span> <span class='ocrx_word' id='word_1_71' title='bbox 1215 1091 1291 1146; x_wconf 87' lang='lat' dir='ltr'><strong>mis.</strong></span> 
     </span>
     <span class='ocr_line' id='line_1_9' title="bbox 191 1168 1289 1250; baseline 0.004 -20"><span class='ocrx_word' id='word_1_72' title='bbox 191 1192 268 1230; x_wconf 86' lang='lat' dir='ltr'><strong>sam.</strong></span> <span class='ocrx_word' id='word_1_73' title='bbox 311 1169 420 1230; x_wconf 68' lang='lat' dir='ltr'><strong>verte:</strong></span> <span class='ocrx_word' id='word_1_74' title='bbox 436 1172 590 1244; x_wconf 83' lang='lat' dir='ltr'><em>Honorio,</em></span> <span class='ocrx_word' id='word_1_75' title='bbox 612 1168 817 1248; x_wconf 73' lang='lat' dir='ltr'><strong>huius‚[urbis</strong></span> <span class='ocrx_word' id='word_1_76' title='bbox 833 1170 953 1250; x_wconf 73' lang='lat' dir='ltr'><strong>Romae]</strong></span> <span class='ocrx_word' id='word_1_77' title='bbox 968 1174 1117 1244; x_wconf 78' lang='lat' dir='ltr'><strong>antistiti,</strong></span> <span class='ocrx_word' id='word_1_78' title='bbox 1141 1173 1289 1236; x_wconf 84' lang='lat' dir='ltr'><strong>Pontifici.</strong></span> 
     </span>
     <span class='ocr_line' id='line_1_10' title="bbox 190 1254 1291 1338; baseline 0.001 -22"><span class='ocrx_word' id='word_1_79' title='bbox 190 1255 342 1334; x_wconf 74' lang='lat' dir='ltr'><strong>Epistulae</strong></span> <span class='ocrx_word' id='word_1_80' title='bbox 366 1275 484 1334; x_wconf 89' lang='lat' dir='ltr'><strong>quoque</strong></span> <span class='ocrx_word' id='word_1_81' title='bbox 513 1254 628 1332; x_wconf 86' lang='lat' dir='ltr'><strong>Photii,</strong></span> <span class='ocrx_word' id='word_1_82' title='bbox 658 1255 846 1314; x_wconf 83' lang='lat' dir='ltr'><strong>alliclsardo</strong></span> <span class='ocrx_word' id='word_1_83' title='bbox 869 1255 1052 1330; x_wconf 80' lang='lat' dir='ltr'><strong>hlontocutio</strong></span> <span class='ocrx_word' id='word_1_84' title='bbox 1073 1277 1176 1317; x_wconf 81' lang='lat' dir='ltr'><strong>venes</strong></span> <span class='ocrx_word' id='word_1_85' title='bbox 1197 1269 1291 1338; x_wconf 86' lang='lat' dir='ltr'><strong>atque</strong></span> 
     </span>
     <span class='ocr_line' id='line_1_11' title="bbox 192 1331 1289 1424; baseline 0.003 -24"><span class='ocrx_word' id='word_1_86' title='bbox 192 1341 297 1415; x_wconf 77' lang='lat' dir='ltr'><strong>editae,</strong></span> <span class='ocrx_word' id='word_1_87' title='bbox 320 1361 380 1399; x_wconf 91' lang='lat' dir='ltr'><strong>non</strong></span> <span class='ocrx_word' id='word_1_88' title='bbox 396 1341 546 1400; x_wconf 85' lang='lat' dir='ltr'><strong>meliorem</strong></span> <span class='ocrx_word' id='word_1_89' title='bbox 560 1340 717 1400; x_wconf 86' lang='lat' dir='ltr'><strong>subierunt</strong></span> <span class='ocrx_word' id='word_1_90' title='bbox 734 1331 893 1422; x_wconf 70' lang='lat' dir='ltr'><strong>fortunent.</strong></span> <span class='ocrx_word' id='word_1_91' title='bbox 936 1341 1009 1401; x_wconf 85' lang='lat' dir='ltr'><strong>Nem</strong></span> <span class='ocrx_word' id='word_1_92' title='bbox 1027 1341 1116 1401; x_wconf 87' lang='lat' dir='ltr'><strong>modo</strong></span> <span class='ocrx_word' id='word_1_93' title='bbox 1128 1343 1289 1424; x_wconf 84' lang='lat' dir='ltr'><strong>interpres,</strong></span> 
     </span>
     <span class='ocr_line' id='line_1_12' title="bbox 192 1423 1289 1506; baseline 0.001 -21"><span class='ocrx_word' id='word_1_94' title='bbox 192 1434 227 1485; x_wconf 87' lang='lat' dir='ltr'><strong>ut</strong></span> <span class='ocrx_word' id='word_1_95' title='bbox 247 1433 309 1484; x_wconf 84' lang='lat' dir='ltr'><strong>erat</strong></span> <span class='ocrx_word' id='word_1_96' title='bbox 329 1425 414 1485; x_wconf 90' lang='lat' dir='ltr'><strong>rudis</strong></span> <span class='ocrx_word' id='word_1_97' title='bbox 437 1447 536 1486; x_wconf 85' lang='lat' dir='ltr'><strong>rerum</strong></span> <span class='ocrx_word' id='word_1_98' title='bbox 552 1427 799 1505; x_wconf 75' lang='lat' dir='ltr'><strong>Byzantinsrum,</strong></span> <span class='ocrx_word' id='word_1_99' title='bbox 821 1423 1092 1506; x_wconf 56' lang='lat' dir='ltr'><strong>protospatharium</strong></span> <span class='ocrx_word' id='word_1_100' title='bbox 1107 1427 1145 1486; x_wconf 89' lang='lat' dir='ltr'><strong>oh</strong></span> <span class='ocrx_word' id='word_1_101' title='bbox 1162 1449 1224 1487; x_wconf 88' lang='lat' dir='ltr'><strong>non</strong></span> <span class='ocrx_word' id='word_1_102' title='bbox 1236 1429 1289 1486; x_wconf 90' lang='lat' dir='ltr'><strong>in·</strong></span> 
     </span>
    </p>
   </div>
   <div class='ocr_carea' id='block_1_3' title="bbox 192 1529 1291 1632">
    <p class='ocr_par' dir='ltr' id='par_1_3' title="bbox 192 1529 1291 1632">
     <span class='ocr_line' id='line_1_13' title="bbox 192 1529 1291 1632; baseline 0.001 -41"><span class='ocrx_word' id='word_1_103' title='bbox 192 1533 347 1592; x_wconf 73' lang='lat' dir='ltr'><strong>tellectum</strong></span> <span class='ocrx_word' id='word_1_104' title='bbox 367 1533 474 1612; x_wconf 78' lang='lat' dir='ltr'><strong>sigium</strong></span> <span class='ocrx_word' id='word_1_105' title='bbox 498 1536 678 1619; x_wconf 74' lang='grc' dir='ltr'><em>ασπαθαρίςο</em></span> <span class='ocrx_word' id='word_1_106' title='bbox 697 1529 780 1617; x_wconf 87' lang='lat' dir='ltr'><strong>(vide</strong></span> <span class='ocrx_word' id='word_1_107' title='bbox 803 1553 894 1614; x_wconf 86' lang='lat' dir='ltr'><strong>supra</strong></span> <span class='ocrx_word' id='word_1_108' title='bbox 910 1535 981 1598; x_wconf 85' lang='grc'><strong>217.</strong></span> <span class='ocrx_word' id='word_1_109' title='bbox 997 1531 1046 1610; x_wconf 88' lang='lat' dir='ltr'><strong>A.)</strong></span> <span class='ocrx_word' id='word_1_110' title='bbox 1060 1531 1291 1632; x_wconf 51' lang='lat' dir='ltr'><strong>{spatharium</strong></span> 
     </span>
    </p>
   </div>
   <div class='ocr_carea' id='block_1_4' title="bbox 8 1633 1292 4436">
    <p class='ocr_par' dir='ltr' id='par_1_4' title="bbox 76 1633 1292 2828">
     <span class='ocr_line' id='line_1_14' title="bbox 192 1633 1291 1722; baseline 0 -24"><span class='ocrx_word' id='word_1_111' title='bbox 192 1649 281 1698; x_wconf 83' lang='lat' dir='ltr'><strong>vocet</strong></span> <span class='ocrx_word' id='word_1_112' title='bbox 290 1643 339 1704; x_wconf 84' lang='lat'><strong>69.</strong></span> <span class='ocrx_word' id='word_1_113' title='bbox 355 1639 387 1697; x_wconf 94' lang='lat' dir='ltr'><strong>A.</strong></span> <span class='ocrx_word' id='word_1_114' title='bbox 401 1649 431 1698; x_wconf 87' lang='lat' dir='ltr'><strong>et</strong></span> <span class='ocrx_word' id='word_1_115' title='bbox 450 1639 579 1720; x_wconf 88' lang='lat' dir='ltr'><strong>primum</strong></span> <span class='ocrx_word' id='word_1_116' title='bbox 595 1641 744 1700; x_wconf 84' lang='lat' dir='ltr'><strong>notarium</strong></span> <span class='ocrx_word' id='word_1_117' title='bbox 760 1638 808 1697; x_wconf 84' lang='lat' dir='ltr'><strong>rel</strong></span> <span class='ocrx_word' id='word_1_118' title='bbox 826 1637 1031 1718; x_wconf 89' lang='lat' dir='ltr'><strong>primicerium</strong></span> <span class='ocrx_word' id='word_1_119' title='bbox 1048 1633 1251 1722; x_wconf 72' lang='grc' dir='ltr'><strong>(ανοπάριοο)</strong></span> <span class='ocrx_word' id='word_1_120' title='bbox 1267 1661 1291 1698; x_wconf 85' lang='lat' dir='ltr'><strong><em>a</em></strong></span> 
     </span>
     <span class='ocr_line' id='line_1_15' title="bbox 193 1722 1291 1802; baseline 0.003 -21"><span class='ocrx_word' id='word_1_121' title='bbox 193 1727 327 1781; x_wconf 84' lang='lat' dir='ltr'><strong>notoriie</strong></span> <span class='ocrx_word' id='word_1_122' title='bbox 346 1727 418 1790; x_wconf 78' lang='grc'><strong>361.</strong></span> <span class='ocrx_word' id='word_1_123' title='bbox 441 1725 473 1788; x_wconf 88' lang='lat' dir='ltr'><strong>B.</strong></span> <span class='ocrx_word' id='word_1_124' title='bbox 498 1725 586 1786; x_wconf 89' lang='lat' dir='ltr'><strong>modo</strong></span> <span class='ocrx_word' id='word_1_125' title='bbox 603 1735 665 1783; x_wconf 87' lang='lat' dir='ltr'><strong>tum</strong></span> <span class='ocrx_word' id='word_1_126' title='bbox 681 1723 860 1802; x_wconf 83' lang='lat' dir='ltr'><strong>religionum</strong></span> <span class='ocrx_word' id='word_1_127' title='bbox 872 1731 937 1782; x_wconf 91' lang='lat' dir='ltr'><strong>tum</strong></span> <span class='ocrx_word' id='word_1_128' title='bbox 953 1722 1071 1802; x_wconf 80' lang='lat' dir='ltr'><strong>linguae</strong></span> <span class='ocrx_word' id='word_1_129' title='bbox 1087 1727 1214 1784; x_wconf 76' lang='lat' dir='ltr'><strong>Graecae</strong></span> <span class='ocrx_word' id='word_1_130' title='bbox 1231 1725 1291 1784; x_wconf 84' lang='lat' dir='ltr'><strong>ad-</strong></span> 
     </span>
     <span class='ocr_line' id='line_1_16' title="bbox 193 1807 1292 1888; baseline 0.003 -22"><span class='ocrx_word' id='word_1_131' title='bbox 193 1809 315 1866; x_wconf 82' lang='lat' dir='ltr'><strong>modum</strong></span> <span class='ocrx_word' id='word_1_132' title='bbox 338 1827 370 1870; x_wconf 79' lang='lat' dir='ltr'><strong>se</strong></span> <span class='ocrx_word' id='word_1_133' title='bbox 389 1807 520 1870; x_wconf 75' lang='lat' dir='ltr'><strong>ostendit</strong></span> <span class='ocrx_word' id='word_1_134' title='bbox 540 1808 722 1888; x_wconf 82' lang='lat' dir='ltr'><strong>imperitum.</strong></span> <span class='ocrx_word' id='word_1_135' title='bbox 764 1807 813 1866; x_wconf 89' lang='lat' dir='ltr'><strong>Sic</strong></span> <span class='ocrx_word' id='word_1_136' title='bbox 842 1811 893 1873; x_wconf 81' lang='grc'><strong>73.</strong></span> <span class='ocrx_word' id='word_1_137' title='bbox 916 1809 949 1868; x_wconf 90' lang='lat' dir='ltr'><strong>C.</strong></span> <span class='ocrx_word' id='word_1_138' title='bbox 969 1809 1095 1886; x_wconf 86' lang='lat' dir='ltr'><strong>legitur,</strong></span> <span class='ocrx_word' id='word_1_139' title='bbox 1122 1810 1292 1870; x_wconf 88' lang='lat' dir='ltr'><strong>ridiculene</strong></span> 
     </span>
     <span class='ocr_line' id='line_1_17' title="bbox 193 1891 1292 1974; baseline 0.002 -24"><span class='ocrx_word' id='word_1_140' title='bbox 193 1891 289 1950; x_wconf 88' lang='lat' dir='ltr'><strong>dicum</strong></span> <span class='ocrx_word' id='word_1_141' title='bbox 309 1912 348 1950; x_wconf 82' lang='lat' dir='ltr'><strong>en</strong></span> <span class='ocrx_word' id='word_1_142' title='bbox 369 1893 523 1952; x_wconf 76' lang='lat' dir='ltr'><strong>scelerate:</strong></span> <span class='ocrx_word' id='word_1_143' title='bbox 545 1891 704 1951; x_wconf 83' lang='lat' dir='ltr'><strong>retributio</strong></span> <span class='ocrx_word' id='word_1_144' title='bbox 728 1913 749 1952; x_wconf 83' lang='lat' dir='ltr'><strong><em>a</em></strong></span> <span class='ocrx_word' id='word_1_145' title='bbox 772 1892 865 1950; x_wconf 83' lang='lat' dir='ltr'><strong>caelis</strong></span> <span class='ocrx_word' id='word_1_146' title='bbox 882 1896 1015 1971; x_wconf 83' lang='lat' dir='ltr'><strong>reposita</strong></span> <span class='ocrx_word' id='word_1_147' title='bbox 1036 1905 1080 1952; x_wconf 84' lang='lat' dir='ltr'><strong>est</strong></span> <span class='ocrx_word' id='word_1_148' title='bbox 1094 1898 1134 1952; x_wconf 81' lang='lat' dir='ltr'><strong>iio</strong></span> <span class='ocrx_word' id='word_1_149' title='bbox 1146 1898 1201 1974; x_wconf 81' lang='lat' dir='ltr'><strong>qui</strong></span> <span class='ocrx_word' id='word_1_150' title='bbox 1217 1917 1292 1952; x_wconf 83' lang='lat' dir='ltr'><strong>cum</strong></span> 
     </span>
     <span class='ocr_line' id='line_1_18' title="bbox 76 1975 1291 2058; baseline 0.003 -21"><span class='ocrx_word' id='word_1_151' title='bbox 76 1982 108 2046; x_wconf 75' lang='grc' dir='ltr'><strong>Ρ.</strong></span> <span class='ocrx_word' id='word_1_152' title='bbox 124 1980 177 2040; x_wconf 76' lang='lat'><strong>264</strong></span> <span class='ocrx_word' id='word_1_153' title='bbox 185 1979 345 2056; x_wconf 84' lang='lat' dir='ltr'><strong>proposito</strong></span> <span class='ocrx_word' id='word_1_154' title='bbox 366 1975 529 2036; x_wconf 72' lang='lat' dir='ltr'><strong>ementiendi</strong></span> <span class='ocrx_word' id='word_1_155' title='bbox 542 1977 630 2036; x_wconf 81' lang='lat' dir='ltr'><strong>rerba</strong></span> <span class='ocrx_word' id='word_1_156' title='bbox 651 1981 748 2058; x_wconf 87' lang='lat' dir='ltr'><strong>impia</strong></span> <span class='ocrx_word' id='word_1_157' title='bbox 755 1978 918 2056; x_wconf 82' lang='lat' dir='ltr'><strong>protulere.</strong></span> <span class='ocrx_word' id='word_1_158' title='bbox 959 1977 1015 2037; x_wconf 87' lang='lat' dir='ltr'><strong>Sed</strong></span> <span class='ocrx_word' id='word_1_159' title='bbox 1030 1979 1144 2039; x_wconf 91' lang='lat' dir='ltr'><strong>locutio</strong></span> <span class='ocrx_word' id='word_1_160' title='bbox 1161 1987 1222 2054; x_wconf 82' lang='grc' dir='ltr'><em>τοῖς</em></span> <span class='ocrx_word' id='word_1_161' title='bbox 1237 1979 1291 2042; x_wconf 73' lang='lat' dir='ltr'><strong>tul</strong></span> 
     </span>
     <span class='ocr_line' id='line_1_19' title="bbox 191 2055 1291 2144; baseline 0.001 -22"><span class='ocrx_word' id='word_1_162' title='bbox 191 2055 320 2136; x_wconf 76' lang='lat' dir='ltr'><strong>opetiisse</strong></span> <span class='ocrx_word' id='word_1_163' title='bbox 331 2061 418 2142; x_wconf 68' lang='grc' dir='ltr'><strong><em>,ῥῆμα</em></strong></span> <span class='ocrx_word' id='word_1_164' title='bbox 431 2059 566 2144; x_wconf 77' lang='grc' dir='ltr'><strong>πονηρὸν</strong></span> <span class='ocrx_word' id='word_1_165' title='bbox 581 2061 810 2143; x_wconf 70' lang='grc' dir='ltr'><em>ὑφισταμένοις,</em></span> <span class='ocrx_word' id='word_1_166' title='bbox 832 2083 906 2142; x_wconf 81' lang='lat' dir='ltr'><strong>quse</strong></span> <span class='ocrx_word' id='word_1_167' title='bbox 918 2072 962 2120; x_wconf 87' lang='lat' dir='ltr'><strong>est</strong></span> <span class='ocrx_word' id='word_1_168' title='bbox 974 2063 1082 2124; x_wconf 86' lang='lat' dir='ltr'><strong>allusio</strong></span> <span class='ocrx_word' id='word_1_169' title='bbox 1091 2065 1129 2123; x_wconf 81' lang='lat' dir='ltr'><strong>od</strong></span> <span class='ocrx_word' id='word_1_170' title='bbox 1144 2067 1173 2126; x_wconf 83' lang='lat' dir='ltr'><strong>S.</strong></span> <span class='ocrx_word' id='word_1_171' title='bbox 1182 2064 1291 2130; x_wconf 85' lang='lat' dir='ltr'><strong>hlutth.</strong></span> 
     </span>
     <span class='ocr_line' id='line_1_20' title="bbox 192 2143 1291 2228; baseline 0.002 -22"><span class='ocrx_word' id='word_1_172' title='bbox 192 2143 227 2206; x_wconf 83' lang='lat' dir='ltr'><strong>V.</strong></span> <span class='ocrx_word' id='word_1_173' title='bbox 244 2147 352 2212; x_wconf 85' lang='lat' dir='ltr'><strong>11.sic</strong></span> <span class='ocrx_word' id='word_1_174' title='bbox 371 2157 434 2207; x_wconf 83' lang='lat' dir='ltr'><strong>eret</strong></span> <span class='ocrx_word' id='word_1_175' title='bbox 450 2149 619 2216; x_wconf 77' lang='lat' dir='ltr'><strong>reddendae</strong></span> <span class='ocrx_word' id='word_1_176' title='bbox 638 2151 679 2206; x_wconf 85' lang='lat' dir='ltr'><strong>iis</strong></span> <span class='ocrx_word' id='word_1_177' title='bbox 694 2151 750 2228; x_wconf 85' lang='lat' dir='ltr'><strong>qui</strong></span> <span class='ocrx_word' id='word_1_178' title='bbox 763 2149 882 2206; x_wconf 84' lang='lat' dir='ltr'><strong>malurn</strong></span> <span class='ocrx_word' id='word_1_179' title='bbox 894 2147 1018 2208; x_wconf 84' lang='lat' dir='ltr'><strong>verbnm</strong></span> <span class='ocrx_word' id='word_1_180' title='bbox 1037 2161 1143 2208; x_wconf 84' lang='lat' dir='ltr'><strong>contro</strong></span> <span class='ocrx_word' id='word_1_181' title='bbox 1164 2172 1195 2207; x_wconf 86' lang='lat' dir='ltr'><strong>se</strong></span> <span class='ocrx_word' id='word_1_182' title='bbox 1208 2172 1291 2208; x_wconf 86' lang='lat' dir='ltr'><strong>men-</strong></span> 
     </span>
     <span class='ocr_line' id='line_1_21' title="bbox 192 2229 1291 2313; baseline 0.006 -23"><span class='ocrx_word' id='word_1_183' title='bbox 192 2229 309 2290; x_wconf 77' lang='lat' dir='ltr'><strong>daciter</strong></span> <span class='ocrx_word' id='word_1_184' title='bbox 321 2233 478 2312; x_wconf 81' lang='lat' dir='ltr'><strong>prolatum</strong></span> <span class='ocrx_word' id='word_1_185' title='bbox 501 2237 665 2308; x_wconf 83' lang='lat' dir='ltr'><strong>sustinent,</strong></span> <span class='ocrx_word' id='word_1_186' title='bbox 689 2235 864 2313; x_wconf 84' lang='lat' dir='ltr'><strong>patiuntur,</strong></span> <span class='ocrx_word' id='word_1_187' title='bbox 887 2233 1024 2300; x_wconf 81' lang='lat' dir='ltr'><strong>tolerent.</strong></span> <span class='ocrx_word' id='word_1_188' title='bbox 1066 2236 1105 2294; x_wconf 84' lang='lat' dir='ltr'><strong>Et</strong></span> <span class='ocrx_word' id='word_1_189' title='bbox 1121 2239 1169 2300; x_wconf 85' lang='lat'><strong>18.</strong></span> <span class='ocrx_word' id='word_1_190' title='bbox 1185 2235 1217 2295; x_wconf 88' lang='lat' dir='ltr'><strong>C.</strong></span> <span class='ocrx_word' id='word_1_191' title='bbox 1233 2260 1291 2297; x_wconf 82' lang='grc' dir='ltr'><strong>πα-</strong></span> 
     </span>
     <span class='ocr_line' id='line_1_22' title="bbox 190 2311 1291 2404; baseline 0.004 -26"><span class='ocrx_word' id='word_1_192' title='bbox 190 2321 311 2397; x_wconf 76' lang='grc' dir='ltr'><strong><em>ρελθεῖν</em></strong></span> <span class='ocrx_word' id='word_1_193' title='bbox 326 2319 475 2380; x_wconf 79' lang='grc' dir='ltr'><strong><em>αἰτεῖσθαι</em></strong></span> <span class='ocrx_word' id='word_1_194' title='bbox 489 2315 523 2384; x_wconf 79' lang='grc' dir='ltr'><strong>τὸ</strong></span> <span class='ocrx_word' id='word_1_195' title='bbox 534 2313 679 2398; x_wconf 78' lang='grc' dir='ltr'><strong>ποτήριον</strong></span> <span class='ocrx_word' id='word_1_196' title='bbox 693 2323 749 2382; x_wconf 81' lang='lat' dir='ltr'><strong>rosi</strong></span> <span class='ocrx_word' id='word_1_197' title='bbox 762 2311 917 2394; x_wconf 77' lang='grc' dir='ltr'><em>θανάτου,</em></span> <span class='ocrx_word' id='word_1_198' title='bbox 938 2318 990 2380; x_wconf 80' lang='lat' dir='ltr'><strong>nel</strong></span> <span class='ocrx_word' id='word_1_199' title='bbox 1014 2313 1106 2395; x_wconf 78' lang='grc' dir='ltr'><strong><em>δόξαν</em></strong></span> <span class='ocrx_word' id='word_1_200' title='bbox 1122 2313 1205 2404; x_wconf 78' lang='grc' dir='ltr'><strong>αυίῷ</strong></span> <span class='ocrx_word' id='word_1_201' title='bbox 1232 2341 1291 2382; x_wconf 81' lang='lat' dir='ltr'><strong>soe·</strong></span> 
     </span>
     <span class='ocr_line' id='line_1_23' title="bbox 171 2397 1291 2483; baseline -0.001 -20"><span class='ocrx_word' id='word_1_202' title='bbox 171 2473 173 2482; x_wconf 28' lang='grc' dir='ltr'>Ι</span> <span class='ocrx_word' id='word_1_203' title='bbox 188 2405 254 2463; x_wconf 75' lang='grc' dir='ltr'><strong>λεῖν</strong></span> <span class='ocrx_word' id='word_1_204' title='bbox 267 2397 369 2480; x_wconf 68' lang='grc' dir='ltr'><strong><em>πάλιν,</em></strong></span> <span class='ocrx_word' id='word_1_205' title='bbox 387 2405 488 2476; x_wconf 79' lang='lat' dir='ltr'><strong>vertit,</strong></span> <span class='ocrx_word' id='word_1_206' title='bbox 504 2402 661 2482; x_wconf 70' lang='lat' dir='ltr'><strong>deprecari</strong></span> <span class='ocrx_word' id='word_1_207' title='bbox 674 2413 709 2460; x_wconf 83' lang='lat' dir='ltr'><strong>ut</strong></span> <span class='ocrx_word' id='word_1_208' title='bbox 727 2414 864 2462; x_wconf 81' lang='lat' dir='ltr'><strong>transeat</strong></span> <span class='ocrx_word' id='word_1_209' title='bbox 881 2407 988 2462; x_wconf 84' lang='lat' dir='ltr'><strong>mortis</strong></span> <span class='ocrx_word' id='word_1_210' title='bbox 996 2406 1156 2483; x_wconf 83' lang='lat' dir='ltr'><strong>poculum,</strong></span> <span class='ocrx_word' id='word_1_211' title='bbox 1171 2416 1200 2462; x_wconf 90' lang='lat' dir='ltr'><strong>et</strong></span> <span class='ocrx_word' id='word_1_212' title='bbox 1214 2427 1291 2462; x_wconf 82' lang='lat' dir='ltr'><strong>ean-</strong></span> 
     </span>
     <span class='ocr_line' id='line_1_24' title="bbox 189 2485 1290 2572; baseline 0.004 -28"><span class='ocrx_word' id='word_1_213' title='bbox 189 2485 256 2544; x_wconf 85' lang='lat' dir='ltr'><strong>dem</strong></span> <span class='ocrx_word' id='word_1_214' title='bbox 281 2509 388 2546; x_wconf 71' lang='lat' dir='ltr'><strong>rursus</strong></span> <span class='ocrx_word' id='word_1_215' title='bbox 405 2489 661 2568; x_wconf 79' lang='lat' dir='ltr'><strong>glorificationem</strong></span> <span class='ocrx_word' id='word_1_216' title='bbox 680 2485 792 2564; x_wconf 82' lang='lat' dir='ltr'><strong>dicere,</strong></span> <span class='ocrx_word' id='word_1_217' title='bbox 814 2509 876 2548; x_wconf 87' lang='lat' dir='ltr'><strong>nou</strong></span> <span class='ocrx_word' id='word_1_218' title='bbox 900 2490 1105 2550; x_wconf 78' lang='lat' dir='ltr'><strong>animmleerso</strong></span> <span class='ocrx_word' id='word_1_219' title='bbox 1128 2489 1290 2572; x_wconf 73' lang='lat' dir='ltr'><strong>participio</strong></span> 
     </span>
     <span class='ocr_line' id='line_1_25' title="bbox 188 2572 1289 2654; baseline 0 -22"><span class='ocrx_word' id='word_1_220' title='bbox 188 2572 433 2652; x_wconf 73' lang='lat' dir='ltr'><strong>nominatimque</strong></span> <span class='ocrx_word' id='word_1_221' title='bbox 451 2573 586 2634; x_wconf 88' lang='lat' dir='ltr'><strong>absoluto</strong></span> <span class='ocrx_word' id='word_1_222' title='bbox 605 2578 636 2633; x_wconf 87' lang='lat' dir='ltr'><strong>iu</strong></span> <span class='ocrx_word' id='word_1_223' title='bbox 653 2574 745 2632; x_wconf 80' lang='lat' dir='ltr'><strong>alters</strong></span> <span class='ocrx_word' id='word_1_224' title='bbox 760 2581 845 2654; x_wconf 77' lang='lat' dir='ltr'><strong>perte</strong></span> <span class='ocrx_word' id='word_1_225' title='bbox 860 2574 1032 2650; x_wconf 86' lang='lat' dir='ltr'><strong>locutionis,</strong></span> <span class='ocrx_word' id='word_1_226' title='bbox 1055 2575 1098 2633; x_wconf 91' lang='lat' dir='ltr'><strong>sic</strong></span> <span class='ocrx_word' id='word_1_227' title='bbox 1115 2575 1289 2634; x_wconf 79' lang='lat' dir='ltr'><strong>vertendae:</strong></span> 
     </span>
     <span class='ocr_line' id='line_1_26' title="bbox 158 2655 1290 2740; baseline 0.004 -26"><span class='ocrx_word' id='word_1_228' title='bbox 158 2721 160 2724; x_wconf 51' lang='grc'><strong>,</strong></span> <span class='ocrx_word' id='word_1_229' title='bbox 189 2655 271 2734; x_wconf 81' lang='lat' dir='ltr'><strong>depr.</strong></span> <span class='ocrx_word' id='word_1_230' title='bbox 291 2669 325 2715; x_wconf 83' lang='lat' dir='ltr'><strong>ut</strong></span> <span class='ocrx_word' id='word_1_231' title='bbox 339 2669 474 2716; x_wconf 83' lang='lat' dir='ltr'><strong>transeat</strong></span> <span class='ocrx_word' id='word_1_232' title='bbox 488 2661 595 2718; x_wconf 86' lang='lat' dir='ltr'><strong>mortis</strong></span> <span class='ocrx_word' id='word_1_233' title='bbox 609 2659 757 2738; x_wconf 83' lang='lat' dir='ltr'><strong>poculum</strong></span> <span class='ocrx_word' id='word_1_234' title='bbox 765 2703 773 2734; x_wconf 85' lang='lat'><strong><em>,</em></strong></span> <span class='ocrx_word' id='word_1_235' title='bbox 795 2669 822 2716; x_wconf 84' lang='lat' dir='ltr'><strong>et</strong></span> <span class='ocrx_word' id='word_1_236' title='bbox 838 2656 920 2716; x_wconf 75' lang='lat' dir='ltr'><strong>illud</strong></span> <span class='ocrx_word' id='word_1_237' title='bbox 932 2657 1012 2718; x_wconf 83' lang='lat' dir='ltr'><strong>idem</strong></span> <span class='ocrx_word' id='word_1_238' title='bbox 1026 2657 1112 2740; x_wconf 81' lang='lat' dir='ltr'><strong>(cum</strong></span> <span class='ocrx_word' id='word_1_239' title='bbox 1127 2663 1174 2718; x_wconf 82' lang='lat' dir='ltr'><strong>ita</strong></span> <span class='ocrx_word' id='word_1_240' title='bbox 1187 2663 1290 2720; x_wconf 76' lang='lat' dir='ltr'><strong>risum</strong></span> 
     </span>
     <span class='ocr_line' id='line_1_27' title="bbox 187 2742 1290 2828; baseline 0.007 -31"><span class='ocrx_word' id='word_1_241' title='bbox 187 2743 251 2819; x_wconf 82' lang='lat' dir='ltr'><strong>ipsi</strong></span> <span class='ocrx_word' id='word_1_242' title='bbox 259 2742 389 2822; x_wconf 83' lang='lat' dir='ltr'><strong>suisset)</strong></span> <span class='ocrx_word' id='word_1_243' title='bbox 406 2765 516 2802; x_wconf 82' lang='lat' dir='ltr'><strong>rursus</strong></span> <span class='ocrx_word' id='word_1_244' title='bbox 528 2765 683 2804; x_wconf 83' lang='lat' dir='ltr'><strong>arcessere.</strong></span> <span class='ocrx_word' id='word_1_245' title='bbox 720 2744 778 2802; x_wconf 79' lang='lat' dir='ltr'><strong>Secl</strong></span> <span class='ocrx_word' id='word_1_246' title='bbox 794 2743 945 2802; x_wconf 86' lang='lat' dir='ltr'><strong>inlinitum</strong></span> <span class='ocrx_word' id='word_1_247' title='bbox 960 2754 1037 2804; x_wconf 81' lang='lat' dir='ltr'><strong>esset</strong></span> <span class='ocrx_word' id='word_1_248' title='bbox 1046 2745 1198 2824; x_wconf 73' lang='lat' dir='ltr'><strong>sigillatim</strong></span> <span class='ocrx_word' id='word_1_249' title='bbox 1216 2766 1290 2828; x_wconf 85' lang='lat' dir='ltr'><strong>per-</strong></span> 
     </span>
    </p>

    <p class='ocr_par' dir='ltr' id='par_1_5' title="bbox 186 2825 1290 3253">
     <span class='ocr_line' id='line_1_28' title="bbox 187 2825 991 2908; baseline 0.009 -25"><span class='ocrx_word' id='word_1_250' title='bbox 187 2825 288 2904; x_wconf 88' lang='lat' dir='ltr'><strong>sequi,</strong></span> <span class='ocrx_word' id='word_1_251' title='bbox 310 2827 362 2886; x_wconf 89' lang='lat' dir='ltr'><strong>ubi</strong></span> <span class='ocrx_word' id='word_1_252' title='bbox 379 2828 508 2887; x_wconf 82' lang='lat' dir='ltr'><strong>oscitans</strong></span> <span class='ocrx_word' id='word_1_253' title='bbox 523 2829 671 2908; x_wconf 76' lang='lat' dir='ltr'><strong>interpres</strong></span> <span class='ocrx_word' id='word_1_254' title='bbox 688 2828 739 2888; x_wconf 89' lang='lat' dir='ltr'><strong>ille</strong></span> <span class='ocrx_word' id='word_1_255' title='bbox 755 2829 922 2888; x_wconf 81' lang='lat' dir='ltr'><strong>alucinstus</strong></span> <span class='ocrx_word' id='word_1_256' title='bbox 938 2838 991 2890; x_wconf 81' lang='lat' dir='ltr'><strong>eet.</strong></span> 
     </span>
     <span class='ocr_line' id='line_1_29' title="bbox 272 2909 1290 2996; baseline 0.005 -26"><span class='ocrx_word' id='word_1_257' title='bbox 272 2909 351 2972; x_wconf 86' lang='lat' dir='ltr'><strong>Ibid.</strong></span> <span class='ocrx_word' id='word_1_258' title='bbox 376 2913 429 2972; x_wconf 90' lang='lat' dir='ltr'><strong>lin.</strong></span> <span class='ocrx_word' id='word_1_259' title='bbox 453 2918 502 2978; x_wconf 87' lang='grc'><strong>16.</strong></span> <span class='ocrx_word' id='word_1_260' title='bbox 519 2909 577 2993; x_wconf 81' lang='grc' dir='ltr'><strong>τήν</strong></span> <span class='ocrx_word' id='word_1_261' title='bbox 599 2936 631 2976; x_wconf 77' lang='grc' dir='ltr'><strong>τε</strong></span> <span class='ocrx_word' id='word_1_262' title='bbox 644 2909 800 2994; x_wconf 77' lang='grc' dir='ltr'><strong>Λογγιὰδοι</strong></span> <span class='ocrx_word' id='word_1_263' title='bbox 820 2912 871 2976; x_wconf 74' lang='lat' dir='ltr'><strong>noel</strong></span> <span class='ocrx_word' id='word_1_264' title='bbox 887 2910 939 2976; x_wconf 76' lang='lat' dir='ltr'><strong>niv</strong></span> <span class='ocrx_word' id='word_1_265' title='bbox 960 2913 1088 2996; x_wconf 80' lang='grc' dir='ltr'><strong><em>Δριζῆν]</em></strong></span> <span class='ocrx_word' id='word_1_266' title='bbox 1108 2915 1232 2975; x_wconf 76' lang='lat' dir='ltr'><strong>cedron.</strong></span> <span class='ocrx_word' id='word_1_267' title='bbox 1250 2914 1290 2976; x_wconf 86' lang='lat' dir='ltr'><strong>ll.</strong></span> 
     </span>
     <span class='ocr_line' id='line_1_30' title="bbox 188 2992 1290 3080; baseline 0.008 -29"><span class='ocrx_word' id='word_1_268' title='bbox 188 2997 260 3062; x_wconf 83' lang='lat'><strong>683.</strong></span> <span class='ocrx_word' id='word_1_269' title='bbox 277 2997 307 3054; x_wconf 91' lang='lat' dir='ltr'><strong>C.</strong></span> <span class='ocrx_word' id='word_1_270' title='bbox 327 2993 417 3056; x_wconf 83' lang='lat' dir='ltr'><strong>hebet</strong></span> <span class='ocrx_word' id='word_1_271' title='bbox 438 2992 514 3058; x_wconf 75' lang='lat' dir='ltr'><strong>sorel</strong></span> <span class='ocrx_word' id='word_1_272' title='bbox 535 2995 592 3076; x_wconf 72' lang='grc' dir='ltr'><strong>τήν</strong></span> <span class='ocrx_word' id='word_1_273' title='bbox 604 2992 785 3080; x_wconf 77' lang='grc' dir='ltr'><em>Ἀνάζορβον</em></span> <span class='ocrx_word' id='word_1_274' title='bbox 805 2995 857 3060; x_wconf 79' lang='grc' dir='ltr'><strong>καὶ</strong></span> <span class='ocrx_word' id='word_1_275' title='bbox 876 2995 930 3062; x_wconf 75' lang='lat' dir='ltr'><strong>eir</strong></span> <span class='ocrx_word' id='word_1_276' title='bbox 948 2993 1126 3064; x_wconf 78' lang='lat' dir='ltr'><strong>lloiorio&#39;r·</strong></span> <span class='ocrx_word' id='word_1_277' title='bbox 1157 3001 1290 3080; x_wconf 79' lang='lat' dir='ltr'><strong>Scylitzs</strong></span> 
     </span>
     <span class='ocr_line' id='line_1_31' title="bbox 186 3074 1290 3168; baseline 0.006 -28"><span class='ocrx_word' id='word_1_278' title='bbox 186 3097 243 3140; x_wconf 79' lang='lat' dir='ltr'><strong>tus.</strong></span> <span class='ocrx_word' id='word_1_279' title='bbox 255 3075 313 3160; x_wconf 78' lang='grc' dir='ltr'><strong>τήν</strong></span> <span class='ocrx_word' id='word_1_280' title='bbox 323 3074 505 3163; x_wconf 75' lang='grc' dir='ltr'><em>Ἀνάβαοζαν</em></span> <span class='ocrx_word' id='word_1_281' title='bbox 522 3081 603 3163; x_wconf 88' lang='lat' dir='ltr'><strong>(vide</strong></span> <span class='ocrx_word' id='word_1_282' title='bbox 616 3091 708 3164; x_wconf 79' lang='lat' dir='ltr'><strong>supra</strong></span> <span class='ocrx_word' id='word_1_283' title='bbox 721 3087 771 3148; x_wconf 81' lang='grc'><strong>32.</strong></span> <span class='ocrx_word' id='word_1_284' title='bbox 786 3081 831 3164; x_wconf 84' lang='grc' dir='ltr'><strong>Β.)</strong></span> <span class='ocrx_word' id='word_1_285' title='bbox 846 3083 897 3146; x_wconf 79' lang='grc' dir='ltr'><strong>καὶ</strong></span> <span class='ocrx_word' id='word_1_286' title='bbox 911 3079 944 3146; x_wconf 78' lang='lat' dir='ltr'><strong>ri</strong></span> <span class='ocrx_word' id='word_1_287' title='bbox 961 3080 1131 3150; x_wconf 78' lang='lat' dir='ltr'><strong>Herietlo&#39;v.</strong></span> <span class='ocrx_word' id='word_1_288' title='bbox 1174 3082 1290 3168; x_wconf 70' lang='grc' dir='ltr'><strong><em>Δριζής</em></strong></span> 
     </span>
     <span class='ocr_line' id='line_1_32' title="bbox 186 3163 1289 3253; baseline 0.008 -30"><span class='ocrx_word' id='word_1_289' title='bbox 186 3163 250 3223; x_wconf 86' lang='lat' dir='ltr'><strong>sive</strong></span> <span class='ocrx_word' id='word_1_290' title='bbox 263 3167 374 3248; x_wconf 73' lang='grc' dir='ltr'><strong><em>Δριζῆς</em></strong></span> <span class='ocrx_word' id='word_1_291' title='bbox 396 3167 517 3227; x_wconf 81' lang='lat' dir='ltr'><strong>videtur</strong></span> <span class='ocrx_word' id='word_1_292' title='bbox 538 3169 622 3227; x_wconf 92' lang='lat' dir='ltr'><strong>locus</strong></span> <span class='ocrx_word' id='word_1_293' title='bbox 641 3187 729 3247; x_wconf 85' lang='lat' dir='ltr'><strong>quesn</strong></span> <span class='ocrx_word' id='word_1_294' title='bbox 751 3169 880 3228; x_wconf 81' lang='lat' dir='ltr'><strong>Zonurse</strong></span> <span class='ocrx_word' id='word_1_295' title='bbox 904 3168 943 3228; x_wconf 92' lang='lat' dir='ltr'><strong>ll.</strong></span> <span class='ocrx_word' id='word_1_296' title='bbox 964 3175 1036 3236; x_wconf 78' lang='lat'><strong>201.</strong></span> <span class='ocrx_word' id='word_1_297' title='bbox 1056 3171 1091 3234; x_wconf 81' lang='grc' dir='ltr'><strong>Δ.</strong></span> <span class='ocrx_word' id='word_1_298' title='bbox 1121 3172 1289 3253; x_wconf 70' lang='grc' dir='ltr'><em>Δριῐίβιον,</em></span> 
     </span>
    </p>

    <p class='ocr_par' dir='ltr' id='par_1_6' title="bbox 8 3249 1291 4436">
     <span class='ocr_line' id='line_1_33' title="bbox 186 3249 954 3334; baseline 0.005 -24"><span class='ocrx_word' id='word_1_299' title='bbox 186 3249 311 3312; x_wconf 83' lang='lat' dir='ltr'><strong>Cedren.</strong></span> <span class='ocrx_word' id='word_1_300' title='bbox 328 3252 363 3312; x_wconf 93' lang='lat' dir='ltr'><strong>ll.</strong></span> <span class='ocrx_word' id='word_1_301' title='bbox 379 3253 451 3319; x_wconf 77' lang='lat'><strong>554·</strong></span> <span class='ocrx_word' id='word_1_302' title='bbox 470 3254 502 3312; x_wconf 86' lang='lat' dir='ltr'><strong>l).</strong></span> <span class='ocrx_word' id='word_1_303' title='bbox 516 3256 640 3334; x_wconf 71' lang='grc' dir='ltr'><em>Δρίζιον</em></span> <span class='ocrx_word' id='word_1_304' title='bbox 656 3275 680 3312; x_wconf 87' lang='lat' dir='ltr'><strong>s.</strong></span> <span class='ocrx_word' id='word_1_305' title='bbox 695 3255 819 3333; x_wconf 78' lang='grc' dir='ltr'><em>Δροζίον</em></span> <span class='ocrx_word' id='word_1_306' title='bbox 834 3263 954 3314; x_wconf 81' lang='lat' dir='ltr'><strong>vocant.</strong></span> 
     </span>
     <span class='ocr_line' id='line_1_34' title="bbox 271 3333 1291 3420; baseline -0.006 -15"><span class='ocrx_word' id='word_1_307' title='bbox 271 3341 352 3417; x_wconf 75' lang='lat' dir='ltr'><em>Pag·</em></span> <span class='ocrx_word' id='word_1_308' title='bbox 370 3343 438 3404; x_wconf 80' lang='lat'><strong>178.</strong></span> <span class='ocrx_word' id='word_1_309' title='bbox 458 3338 512 3398; x_wconf 87' lang='lat' dir='ltr'><strong>lin.</strong></span> <span class='ocrx_word' id='word_1_310' title='bbox 530 3344 560 3405; x_wconf 78' lang='lat' dir='ltr'><strong>t.</strong></span> <span class='ocrx_word' id='word_1_311' title='bbox 579 3333 616 3400; x_wconf 77' lang='lat' dir='ltr'><strong>roi</strong></span> <span class='ocrx_word' id='word_1_312' title='bbox 632 3333 1017 3420; x_wconf 60' lang='lat' dir='ltr'><strong>(ivnoieporusl’urscieporu</strong></span> <span class='ocrx_word' id='word_1_313' title='bbox 1032 3347 1105 3399; x_wconf 80' lang='lat' dir='ltr'><strong>eunt</strong></span> <span class='ocrx_word' id='word_1_314' title='bbox 1118 3337 1291 3420; x_wconf 76' lang='lat' dir='ltr'><strong>saepissime</strong></span> 
     </span>
     <span class='ocr_line' id='line_1_35' title="bbox 159 3421 1288 3503; baseline 0.003 -24"><span class='ocrx_word' id='word_1_315' title='bbox 159 3421 270 3502; x_wconf 78' lang='lat' dir='ltr'><strong>Bepucl</strong></span> <span class='ocrx_word' id='word_1_316' title='bbox 292 3422 454 3502; x_wconf 73' lang='lat' dir='ltr'><strong>scriptores</strong></span> <span class='ocrx_word' id='word_1_317' title='bbox 480 3424 663 3484; x_wconf 77' lang='lat' dir='ltr'><strong>Christianos</strong></span> <span class='ocrx_word' id='word_1_318' title='bbox 690 3427 922 3503; x_wconf 84' lang='lat' dir='ltr'><strong>inquinamenta</strong></span> <span class='ocrx_word' id='word_1_319' title='bbox 952 3445 1004 3484; x_wconf 89' lang='lat' dir='ltr'><strong>seu</strong></span> <span class='ocrx_word' id='word_1_320' title='bbox 1025 3425 1163 3483; x_wconf 83' lang='lat' dir='ltr'><strong>maculae</strong></span> <span class='ocrx_word' id='word_1_321' title='bbox 1186 3424 1288 3498; x_wconf 79' lang='lat' dir='ltr'><strong>enimi,</strong></span> 
     </span>
     <span class='ocr_line' id='line_1_36' title="bbox 186 3501 1289 3590; baseline -0.001 -22"><span class='ocrx_word' id='word_1_322' title='bbox 186 3505 218 3568; x_wconf 89' lang='lat' dir='ltr'><strong>h.</strong></span> <span class='ocrx_word' id='word_1_323' title='bbox 238 3527 262 3564; x_wconf 89' lang='lat' dir='ltr'><strong>e.</strong></span> <span class='ocrx_word' id='word_1_324' title='bbox 277 3520 416 3586; x_wconf 84' lang='lat' dir='ltr'><strong>peccatu.</strong></span> <span class='ocrx_word' id='word_1_325' title='bbox 459 3509 614 3590; x_wconf 81' lang='lat' dir='ltr'><strong>Usurpant</strong></span> <span class='ocrx_word' id='word_1_326' title='bbox 629 3509 670 3568; x_wconf 79' lang='lat' dir='ltr'><strong>itu</strong></span> <span class='ocrx_word' id='word_1_327' title='bbox 684 3507 877 3590; x_wconf 80' lang='lat' dir='ltr'><strong>Theophanes</strong></span> <span class='ocrx_word' id='word_1_328' title='bbox 893 3510 1041 3568; x_wconf 83' lang='lat' dir='ltr'><strong>Nicaenus</strong></span> <span class='ocrx_word' id='word_1_329' title='bbox 1058 3501 1153 3589; x_wconf 80' lang='lat' dir='ltr'><strong>Epist.</strong></span> <span class='ocrx_word' id='word_1_330' title='bbox 1170 3508 1289 3568; x_wconf 90' lang='lat' dir='ltr'><strong>doctri-</strong></span> 
     </span>
     <span class='ocr_line' id='line_1_37' title="bbox 182 3591 1291 3674; baseline 0.004 -26"><span class='ocrx_word' id='word_1_331' title='bbox 182 3591 246 3649; x_wconf 85' lang='lat' dir='ltr'><strong>nnli</strong></span> <span class='ocrx_word' id='word_1_332' title='bbox 261 3591 298 3652; x_wconf 90' lang='lat' dir='ltr'><strong>de</strong></span> <span class='ocrx_word' id='word_1_333' title='bbox 317 3593 460 3673; x_wconf 85' lang='lat' dir='ltr'><strong>potientis</strong></span> <span class='ocrx_word' id='word_1_334' title='bbox 483 3605 512 3654; x_wconf 91' lang='lat' dir='ltr'><strong>et</strong></span> <span class='ocrx_word' id='word_1_335' title='bbox 534 3594 750 3671; x_wconf 79' lang='lat' dir='ltr'><strong>lougenisnitet.</strong></span> <span class='ocrx_word' id='word_1_336' title='bbox 775 3597 825 3660; x_wconf 81' lang='lat'><strong>40.</strong></span> <span class='ocrx_word' id='word_1_337' title='bbox 840 3597 874 3656; x_wconf 88' lang='lat' dir='ltr'><strong>A.</strong></span> <span class='ocrx_word' id='word_1_338' title='bbox 892 3597 921 3654; x_wconf 90' lang='lat' dir='ltr'><strong>S.</strong></span> <span class='ocrx_word' id='word_1_339' title='bbox 935 3595 1060 3654; x_wconf 79' lang='lat' dir='ltr'><strong>Basilius</strong></span> <span class='ocrx_word' id='word_1_340' title='bbox 1076 3595 1171 3674; x_wconf 86' lang='lat' dir='ltr'><strong>Epist.</strong></span> <span class='ocrx_word' id='word_1_341' title='bbox 1193 3615 1291 3652; x_wconf 82' lang='lat' dir='ltr'><strong>ceno·</strong></span> 
     </span>
     <span class='ocr_line' id='line_1_38' title="bbox 8 3675 1290 3760; baseline 0.002 -25"><span class='ocrx_word' id='word_1_342' title='bbox 8 3718 12 3754; x_wconf 62' lang='lat'>3</span> <span class='ocrx_word' id='word_1_343' title='bbox 181 3675 251 3736; x_wconf 78' lang='lat' dir='ltr'><strong>nica</strong></span> <span class='ocrx_word' id='word_1_344' title='bbox 267 3696 300 3741; x_wconf 88' lang='lat'><strong>11.</strong></span> <span class='ocrx_word' id='word_1_345' title='bbox 317 3679 355 3738; x_wconf 80' lang='lat' dir='ltr'><strong>ed</strong></span> <span class='ocrx_word' id='word_1_346' title='bbox 374 3679 562 3760; x_wconf 88' lang='lat' dir='ltr'><strong>Amphiloch.</strong></span> <span class='ocrx_word' id='word_1_347' title='bbox 583 3679 621 3738; x_wconf 88' lang='lat' dir='ltr'><strong>ll.</strong></span> <span class='ocrx_word' id='word_1_348' title='bbox 640 3681 711 3745; x_wconf 81' lang='grc'><strong>773.</strong></span> <span class='ocrx_word' id='word_1_349' title='bbox 733 3679 765 3742; x_wconf 88' lang='lat' dir='ltr'><strong>C.</strong></span> <span class='ocrx_word' id='word_1_350' title='bbox 781 3678 947 3758; x_wconf 82' lang='lat' dir='ltr'><strong>Hesychius</strong></span> <span class='ocrx_word' id='word_1_351' title='bbox 972 3679 1129 3760; x_wconf 87' lang='lat' dir='ltr'><strong>presbyter</strong></span> <span class='ocrx_word' id='word_1_352' title='bbox 1145 3681 1188 3737; x_wconf 84' lang='lat' dir='ltr'><strong>lle</strong></span> <span class='ocrx_word' id='word_1_353' title='bbox 1207 3689 1290 3737; x_wconf 83' lang='lat' dir='ltr'><strong>tenr-</strong></span> 
     </span>
     <span class='ocr_line' id='line_1_39' title="bbox 57 3763 1289 3846; baseline 0.003 -27"><span class='ocrx_word' id='word_1_354' title='bbox 57 3806 60 3812; x_wconf 69' lang='grc'><strong>.</strong></span> <span class='ocrx_word' id='word_1_355' title='bbox 181 3773 298 3842; x_wconf 85' lang='lat' dir='ltr'><strong>perant.</strong></span> <span class='ocrx_word' id='word_1_356' title='bbox 311 3773 339 3822; x_wconf 92' lang='lat' dir='ltr'><strong>et</strong></span> <span class='ocrx_word' id='word_1_357' title='bbox 353 3763 465 3824; x_wconf 84' lang='lat' dir='ltr'><strong>virtute</strong></span> <span class='ocrx_word' id='word_1_358' title='bbox 476 3766 499 3826; x_wconf 90' lang='lat' dir='ltr'><strong>l.</strong></span> <span class='ocrx_word' id='word_1_359' title='bbox 516 3769 608 3830; x_wconf 89' lang='grc'><strong>1001.</strong></span> <span class='ocrx_word' id='word_1_360' title='bbox 619 3763 652 3826; x_wconf 87' lang='lat' dir='ltr'><strong>A.</strong></span> <span class='ocrx_word' id='word_1_361' title='bbox 669 3765 726 3823; x_wconf 87' lang='lat' dir='ltr'><strong>Leo</strong></span> <span class='ocrx_word' id='word_1_362' title='bbox 739 3764 814 3846; x_wconf 90' lang='lat' dir='ltr'><strong>Imp.</strong></span> <span class='ocrx_word' id='word_1_363' title='bbox 829 3765 864 3824; x_wconf 90' lang='lat' dir='ltr'><strong>lu</strong></span> <span class='ocrx_word' id='word_1_364' title='bbox 876 3765 998 3826; x_wconf 83' lang='lat' dir='ltr'><strong>exaltet.</strong></span> <span class='ocrx_word' id='word_1_365' title='bbox 1011 3767 1041 3827; x_wconf 90' lang='lat' dir='ltr'><strong>S.</strong></span> <span class='ocrx_word' id='word_1_366' title='bbox 1056 3764 1159 3823; x_wconf 87' lang='lat' dir='ltr'><strong>Crucis</strong></span> <span class='ocrx_word' id='word_1_367' title='bbox 1171 3763 1244 3830; x_wconf 80' lang='grc'><strong>268.</strong></span> <span class='ocrx_word' id='word_1_368' title='bbox 1256 3769 1289 3829; x_wconf 84' lang='grc'><strong>9.</strong></span> 
     </span>
     <span class='ocr_line' id='line_1_40' title="bbox 182 3847 1289 3930; baseline 0.002 -24"><span class='ocrx_word' id='word_1_369' title='bbox 182 3849 215 3911; x_wconf 83' lang='grc'><strong>8.</strong></span> <span class='ocrx_word' id='word_1_370' title='bbox 230 3847 389 3924; x_wconf 70' lang='lat' dir='ltr'><strong>Gregorius</strong></span> <span class='ocrx_word' id='word_1_371' title='bbox 402 3851 488 3930; x_wconf 80' lang='lat' dir='ltr'><strong>Nyso.</strong></span> <span class='ocrx_word' id='word_1_372' title='bbox 519 3851 552 3910; x_wconf 89' lang='lat' dir='ltr'><strong>ln</strong></span> <span class='ocrx_word' id='word_1_373' title='bbox 567 3847 749 3930; x_wconf 86' lang='lat' dir='ltr'><strong>principium</strong></span> <span class='ocrx_word' id='word_1_374' title='bbox 762 3849 853 3914; x_wconf 88' lang='lat' dir='ltr'><strong>ieiun.</strong></span> <span class='ocrx_word' id='word_1_375' title='bbox 868 3849 917 3910; x_wconf 93' lang='lat' dir='ltr'><strong>lll.</strong></span> <span class='ocrx_word' id='word_1_376' title='bbox 931 3851 1002 3916; x_wconf 83' lang='grc'><strong>247.</strong></span> <span class='ocrx_word' id='word_1_377' title='bbox 1018 3851 1052 3909; x_wconf 93' lang='lat' dir='ltr'><strong>ll.</strong></span> <span class='ocrx_word' id='word_1_378' title='bbox 1065 3849 1174 3928; x_wconf 78' lang='lat' dir='ltr'><strong>aliique</strong></span> <span class='ocrx_word' id='word_1_379' title='bbox 1190 3849 1289 3908; x_wconf 89' lang='lat' dir='ltr'><strong>multi.</strong></span> 
     </span>
     <span class='ocr_line' id='line_1_41' title="bbox 224 3927 1288 4018; baseline -0.001 -24"><span class='ocrx_word' id='word_1_380' title='bbox 224 3943 225 3946; x_wconf 75' lang='grc'>’</span> <span class='ocrx_word' id='word_1_381' title='bbox 269 3932 348 3994; x_wconf 81' lang='lat' dir='ltr'><strong>ibid.</strong></span> <span class='ocrx_word' id='word_1_382' title='bbox 363 3935 419 3996; x_wconf 87' lang='lat' dir='ltr'><strong>lin.</strong></span> <span class='ocrx_word' id='word_1_383' title='bbox 434 3943 484 4002; x_wconf 79' lang='lat'><strong>22.</strong></span> <span class='ocrx_word' id='word_1_384' title='bbox 501 3929 658 4007; x_wconf 74' lang='grc' dir='ltr'><strong><em>ἐνιαυτοῦς</em></strong></span> <span class='ocrx_word' id='word_1_385' title='bbox 675 3935 718 4011; x_wconf 76' lang='grc' dir='ltr'><strong>ἓξ,</strong></span> <span class='ocrx_word' id='word_1_386' title='bbox 739 3931 816 4016; x_wconf 77' lang='grc' dir='ltr'><strong><em>πρὸς</em></strong></span> <span class='ocrx_word' id='word_1_387' title='bbox 830 3927 1135 4018; x_wconf 71' lang='grc' dir='ltr'><strong>ἡμέραιςτριᾶκοντο]</strong></span> <span class='ocrx_word' id='word_1_388' title='bbox 1150 3933 1199 3992; x_wconf 88' lang='lat' dir='ltr'><strong>Sic</strong></span> <span class='ocrx_word' id='word_1_389' title='bbox 1214 3933 1288 3993; x_wconf 83' lang='lat' dir='ltr'><strong>cod.</strong></span> 
     </span>
     <span class='ocr_line' id='line_1_42' title="bbox 181 4014 1288 4102; baseline 0.001 -24"><span class='ocrx_word' id='word_1_390' title='bbox 181 4035 244 4078; x_wconf 86' lang='lat' dir='ltr'><strong>non</strong></span> <span class='ocrx_word' id='word_1_391' title='bbox 260 4019 355 4100; x_wconf 80' lang='lat' dir='ltr'><strong>siglis,</strong></span> <span class='ocrx_word' id='word_1_392' title='bbox 376 4021 429 4080; x_wconf 82' lang='lat' dir='ltr'><strong>sed</strong></span> <span class='ocrx_word' id='word_1_393' title='bbox 443 4021 541 4102; x_wconf 86' lang='lat' dir='ltr'><strong>plenis</strong></span> <span class='ocrx_word' id='word_1_394' title='bbox 555 4018 673 4080; x_wconf 86' lang='lat' dir='ltr'><strong>litteris.</strong></span> <span class='ocrx_word' id='word_1_395' title='bbox 716 4019 792 4079; x_wconf 81' lang='lat' dir='ltr'><strong>Male</strong></span> <span class='ocrx_word' id='word_1_396' title='bbox 812 4020 896 4080; x_wconf 88' lang='lat' dir='ltr'><strong>Cedr.</strong></span> <span class='ocrx_word' id='word_1_397' title='bbox 911 4020 948 4078; x_wconf 92' lang='lat' dir='ltr'><strong>ll.</strong></span> <span class='ocrx_word' id='word_1_398' title='bbox 972 4019 1043 4085; x_wconf 78' lang='lat'><strong>684.</strong></span> <span class='ocrx_word' id='word_1_399' title='bbox 1058 4019 1090 4078; x_wconf 90' lang='grc' dir='ltr'><strong>Β.</strong></span> <span class='ocrx_word' id='word_1_400' title='bbox 1107 4014 1288 4100; x_wconf 73' lang='grc' dir='ltr'><strong>βασιλεύσας</strong></span> 
     </span>
     <span class='ocr_line' id='line_1_43' title="bbox 181 4098 1288 4186; baseline -0.005 -17"><span class='ocrx_word' id='word_1_401' title='bbox 181 4099 232 4182; x_wconf 69' lang='grc' dir='ltr'><strong>ἔτη</strong></span> <span class='ocrx_word' id='word_1_402' title='bbox 248 4098 287 4180; x_wconf 82' lang='grc' dir='ltr'><strong>ς’,</strong></span> <span class='ocrx_word' id='word_1_403' title='bbox 309 4099 472 4180; x_wconf 72' lang='grc' dir='ltr'><em>τοσούτους</em></span> <span class='ocrx_word' id='word_1_404' title='bbox 492 4109 606 4186; x_wconf 80' lang='grc' dir='ltr'><em>μῆνας·</em></span> <span class='ocrx_word' id='word_1_405' title='bbox 629 4125 699 4164; x_wconf 83' lang='lat' dir='ltr'><strong>num</strong></span> <span class='ocrx_word' id='word_1_406' title='bbox 713 4104 871 4164; x_wconf 82' lang='lat' dir='ltr'><strong>Tzimiaces</strong></span> <span class='ocrx_word' id='word_1_407' title='bbox 887 4105 934 4164; x_wconf 89' lang='lat' dir='ltr'><strong>dio</strong></span> <span class='ocrx_word' id='word_1_408' title='bbox 946 4125 990 4178; x_wconf 76' lang='lat'><strong>11.</strong></span> <span class='ocrx_word' id='word_1_409' title='bbox 1005 4105 1153 4165; x_wconf 87' lang='lat' dir='ltr'><strong>llecembr.</strong></span> <span class='ocrx_word' id='word_1_410' title='bbox 1171 4127 1197 4164; x_wconf 91' lang='lat' dir='ltr'><strong>a.</strong></span> <span class='ocrx_word' id='word_1_411' title='bbox 1214 4107 1288 4168; x_wconf 83' lang='lat'><strong>969.</strong></span> 
     </span>
     <span class='ocr_line' id='line_1_44' title="bbox 182 4187 1289 4270; baseline 0.002 -26"><span class='ocrx_word' id='word_1_412' title='bbox 182 4197 274 4246; x_wconf 89' lang='lat' dir='ltr'><strong>nocte</strong></span> <span class='ocrx_word' id='word_1_413' title='bbox 295 4190 391 4249; x_wconf 82' lang='lat' dir='ltr'><strong>medis</strong></span> <span class='ocrx_word' id='word_1_414' title='bbox 415 4193 578 4270; x_wconf 79' lang='lat' dir='ltr'><strong>imperator</strong></span> <span class='ocrx_word' id='word_1_415' title='bbox 604 4189 751 4250; x_wconf 74' lang='lat' dir='ltr'><strong>salutatus</strong></span> <span class='ocrx_word' id='word_1_416' title='bbox 770 4189 851 4270; x_wconf 83' lang='lat' dir='ltr'><strong>(vide</strong></span> <span class='ocrx_word' id='word_1_417' title='bbox 869 4210 960 4270; x_wconf 78' lang='lat' dir='ltr'><strong>supra</strong></span> <span class='ocrx_word' id='word_1_418' title='bbox 974 4193 1046 4256; x_wconf 84' lang='lat'><strong>225.</strong></span> <span class='ocrx_word' id='word_1_419' title='bbox 1064 4187 1126 4270; x_wconf 72' lang='lat' dir='ltr'><strong>A),</strong></span> <span class='ocrx_word' id='word_1_420' title='bbox 1150 4189 1225 4248; x_wconf 91' lang='lat' dir='ltr'><strong>obiit</strong></span> <span class='ocrx_word' id='word_1_421' title='bbox 1239 4187 1289 4246; x_wconf 85' lang='lat' dir='ltr'><strong>dis</strong></span> 
     </span>
     <span class='ocr_line' id='line_1_45' title="bbox 180 4271 1289 4358; baseline 0.003 -28"><span class='ocrx_word' id='word_1_422' title='bbox 180 4289 212 4330; x_wconf 82' lang='lat' dir='ltr'><strong>x.</strong></span> <span class='ocrx_word' id='word_1_423' title='bbox 232 4271 362 4333; x_wconf 76' lang='lat' dir='ltr'><strong>ianuarii</strong></span> <span class='ocrx_word' id='word_1_424' title='bbox 375 4297 400 4334; x_wconf 88' lang='lat' dir='ltr'><strong>s.</strong></span> <span class='ocrx_word' id='word_1_425' title='bbox 417 4282 487 4344; x_wconf 82' lang='lat'><strong>976.</strong></span> <span class='ocrx_word' id='word_1_426' title='bbox 510 4275 682 4338; x_wconf 86' lang='lat' dir='ltr'><strong>Elmecinus</strong></span> <span class='ocrx_word' id='word_1_427' title='bbox 704 4275 781 4334; x_wconf 87' lang='lat' dir='ltr'><strong>llist.</strong></span> <span class='ocrx_word' id='word_1_428' title='bbox 799 4278 862 4336; x_wconf 84' lang='lat' dir='ltr'><strong>Sar.</strong></span> <span class='ocrx_word' id='word_1_429' title='bbox 877 4277 950 4344; x_wconf 74' lang='lat'><strong>248.</strong></span> <span class='ocrx_word' id='word_1_430' title='bbox 968 4275 1003 4338; x_wconf 88' lang='lat' dir='ltr'><strong>ll.</strong></span> <span class='ocrx_word' id='word_1_431' title='bbox 1023 4295 1183 4358; x_wconf 75' lang='lat' dir='ltr'><strong>perpetem</strong></span> <span class='ocrx_word' id='word_1_432' title='bbox 1208 4273 1289 4334; x_wconf 85' lang='lat' dir='ltr'><strong>ecri-</strong></span> 
     </span>
     <span class='ocr_line' id='line_1_46' title="bbox 54 4353 812 4436; baseline 0.013 -20"><span class='ocrx_word' id='word_1_433' title='bbox 54 4359 55 4364; x_wconf 76' lang='grc'>’</span> <span class='ocrx_word' id='word_1_434' title='bbox 180 4353 242 4436; x_wconf 84' lang='lat' dir='ltr'><strong>bit,</strong></span> <span class='ocrx_word' id='word_1_435' title='bbox 265 4377 333 4419; x_wconf 88' lang='lat' dir='ltr'><strong>eum</strong></span> <span class='ocrx_word' id='word_1_436' title='bbox 349 4379 450 4423; x_wconf 86' lang='lat' dir='ltr'><strong>merse</strong></span> <span class='ocrx_word' id='word_1_437' title='bbox 462 4363 570 4424; x_wconf 81' lang='lat' dir='ltr'><strong>Martio</strong></span> <span class='ocrx_word' id='word_1_438' title='bbox 587 4362 651 4426; x_wconf 80' lang='lat' dir='ltr'><strong>vita</strong></span> <span class='ocrx_word' id='word_1_439' title='bbox 664 4361 812 4422; x_wconf 82' lang='lat' dir='ltr'><strong>functum.</strong></span> 
     </span>
    </p>
   </div>
   <div class='ocr_carea' id='block_1_5' title="bbox 1300 4007 1319 4048">
    <p class='ocr_par' dir='ltr' id='par_1_7' title="bbox 1300 4007 1319 4048">
     <span class='ocr_line' id='line_1_47' title="bbox 1300 4007 1319 4048; baseline 0 0"><span class='ocrx_word' id='word_1_440' title='bbox 1300 4007 1319 4048; x_wconf 68' lang='grc' dir='ltr'>Ι</span> 
     </span>
    </p>
   </div>
   <div class='ocr_carea' id='block_1_6' title="bbox 0 21 1370 5272">
    <p class='ocr_par' dir='ltr' id='par_1_8' title="bbox 0 21 1370 5272">
     <span class='ocr_line' id='line_1_48' title="bbox 0 21 1370 5272; baseline 0 0"><span class='ocrx_word' id='word_1_441' title='bbox 0 21 1370 5272; x_wconf 95' lang='lat' dir='ltr'><strong> </strong></span> 
     </span>
    </p>
   </div>
  </div>
 </body>
</html>
