2730 5152
165 321 166 326 ’
218 297 292 374 124
582 305 737 377 LEONIS
757 307 937 377 muconl

52 485 81 536 Δ.
96 483 130 535 tt
142 467 358 560 6479ἀπάρας,
387 472 468 540 κατὰ
488 466 631 559 πρόμναν
656 470 819 555 ἱσταμένου
841 477 897 538 τοῦ
919 467 1105 556 πνεόματος,
1140 467 1232 560 ἐρατι
1250 496 1310 538 τυ-

85 557 137 608 m·
151 549 184 613 ¹⁴
218 577 359 662 ραννίόος
379 575 521 642 ἀποπλίει
542 577 585 652 είς
605 573 642 641 τό
660 571 839 660 Βυζάντιον.
873 573 929 642 τόν
950 577 1000 668 δέ,
1028 583 1072 665 τῷ
1094 575 1229 666 ἀπαισίῳ
1250 581 1311 660 τῆς

189 679 358 764 Βάγγελίας
383 675 645 764 περιαλγήσαντα,
681 671 828 744 διαλῦσαί
844 701 878 742 τε
903 677 957 744 τόν
978 677 1206 761 συνασπισμὸν,
1242 679 1307 759 καί,

213 789 298 847 νῶτα
319 790 385 856 τοῖς
406 783 534 857 Μυσοῖς
553 777 665 860 δόντα,
700 780 873 864 ἐπείγεσθαι
894 780 972 866 πρὸς
991 781 1047 865 τὴν
1066 777 1306 864 βασιλεύουσαν,

213 883 246 949 εί
255 909 321 959 πως
336 883 392 948 τόν
406 889 462 950 τοῦ
475 879 633 966 Ῥωμανοῧ
647 880 830 970 προτερῆσαι
850 883 995 948 ἐπίπλουν
1000 931 1011 963 ,
1039 885 1089 949 καί
1105 890 1160 967 τῆς
1173 879 1336 968 ‘Papus

214 993 270 1070 τῆς
284 981 446 1070 ἡγεμονίας
461 987 608 1072 ἐγκρατὴς
627 985 753 1069 γίνοιτο.
788 985 842 1051 τὸν
856 987 891 1051 δέ
909 986 1055 1068 Συμεὼν,
1083 985 1139 1070 τὴν
1159 983 1311 1074 ἀπροφά-

213 1111 320 1154 σιστον
335 1091 386 1154 καί
406 1087 573 1154 ἀλλόκοτον
594 1084 870 1170 ίόόνταῬαιμαίων
889 1089 1006 1174 φυγὴν,
1034 1085 1189 1156 ἐνδοιάσαι
1203 1089 1262 1172 μέν
1276 1090 1311 1166 ἐς

211 1191 249 1256 τὸ
270 1192 463 1278 παραυτίκα,
489 1188 533 1276 μή
554 1215 584 1256 τι
605 1188 850 1276 σκαιιοροόμενον
869 1189 932 1274 εἴη,
961 1195 1013 1256 καί
1034 1191 1164 1279 ὄλεθρος
1179 1195 1310 1268 Μυσοῖς

212 1293 425 1376 ἐπισπομένοις
440 1295 611 1379 ἐγγένηται·
637 1290 784 1376 μαθόντα
800 1294 834 1358 δέ
846 1291 907 1358 ἀνά
921 1291 1035 1381 κρότος
1047 1293 1166 1382 φεόγειν
1178 1295 1306 1374 αάτοάς,
1340 1307 1342 1310 ’

212 1395 345 1462 ἐπεσθσί
355 1421 398 1477 τε,
427 1399 479 1462 καὶ
493 1395 603 1483 ἀπειρα
617 1394 724 1480 πλήθη
740 1393 896 1480 συγκόψαι
913 1396 1055 1482 ἀνηλεῶς.
1091 1400 1142 1462 καί
1154 1403 1210 1462 νῦν
1223 1399 1309 1462 ἐστὶν
1318 1413 1354 1466 10

213 1493 289 1589 nippis«
303 1499 392 1566 είσίτι
407 1501 537 1587 σωρείας
550 1499 650 1566 ἀστῶν
665 1497 750 1586 παρά
764 1497 820 1582 τὴν
831 1497 1013 1584 Ἀγχίαλον,
1041 1499 1122 1566 καθ’
1137 1499 1177 1584 ἣν
1192 1499 1311 1576 ἀκλεῶς

212 1599 361 1686 συνεκόπη
377 1599 446 1668 τότε
459 1607 572 1690 φεῦγον
586 1609 648 1668 τῶν
659 1597 817 1682 Ῥωμαίων
833 1601 869 1666 τὸ
892 1601 1077 1688 στράτευμα.
1113 1599 1130 1668 ὃ
1147 1603 1181 1667 δέ
1196 1603 1308 1682 Λίων,

186 1705 335 1792 Οέπείπερ
356 1701 504 1792 ἀστίρησε
524 1711 579 1789 τῆς
603 1707 644 1780 είς
660 1703 696 1770 τό
715 1701 885 1800 Βυζάντιον
905 1704 1051 1791 ἀφίξεως,
1080 1707 1130 1770 καί
1153 1711 1209 1789 τῆς
1221 1707 1310 1770 ἐλπί-

49 1814 101 1884 ᾕί.
119 1813 173 1869 sot
186 1809 272 1882 σόος
285 1803 461 1894 ἡμάρτανεν
474 1803 573 1894 (ἐφθη
588 1807 646 1894 γὰρ
669 1803 853 1888 ὅῬωμανός
870 1807 927 1890 τὴν
948 1811 1103 1891 βασίλειον
1128 1805 1233 1873 ἑστίαν
1249 1833 1309 1872 κα-

211 1909 363 1996 τειληφὼς
372 1911 423 1975 καί
435 1909 550 1996 Πατὴρ
564 1910 722 1986 Βασιλέως
736 1907 947 1998 ἀναρρηθείς),
964 1911 996 1986 ἐς
1009 1911 1065 1994 τὴν
1072 1909 1178 1976 Ἀσίαν
1187 1910 1240 1976 διὰ
1250 1916 1309 1994 τῆς
1318 1925 1352 1981 15

205 2009 340 2096 Ἅβόδου
354 2015 547 2100 περαιωθεὶς,
562 2011 639 2100 πρὸς
649 2011 841 2078 ἀποστασίαν
850 2010 996 2094 ἀπέκλινε,
1006 2015 1057 2078 καί
1068 2013 1167 2078 πολλὰ
1179 2010 1309 2102 τῷῬιο-

211 2121 301 2204 μανῷ
316 2117 367 2180 καί
381 2121 420 2202 τῇ
435 2117 571 2207 πολιτείᾳ
589 2115 720 2203 παρίσχε
734 2112 901 2202 πράγματα
906 2163 918 2198 ,
931 2116 1145 2201 κατατρέχων,
1166 2118 1218 2182 καί
1232 2115 1310 2192 τοάς

212 2219 352 2302 ἐτησίους
364 2215 482 2305 φόρους
499 2216 740 2306 ἀφαιρούμενος,
762 2220 815 2283 καί
826 2217 899 2294 τοὺς
915 2217 1229 2300 ἀντικαθισταμίνους
1240 2244 1309 2302 χει-

211 2317 368 2408 ροόμενος.
384 2320 444 2406 ἤδη
453 2322 488 2386 «ll
495 2329 539 2410 τῷ
545 2319 649 2412 χρόνῳ
659 2327 715 2388 τοῦ
728 2325 892 2408 λῃστρικοῦ
901 2322 1187 2401 διασκεδασθέντος,
1198 2323 1251 2386 καὶ
1264 2324 1309 2398 είς

209 2421 382 2506 τοῦμπαλιν
395 2423 480 2512 αὐτῷ
492 2421 759 2510 ἀπονοστήσαντος
767 2429 822 2488 τοῦ
833 2421 1054 2508 βουλεάματος,
1070 2421 1307 2514 φυγαδείρχρή-
1315 2441 1353 2497 m

208 2533 340 2607 σασθαι,
357 2529 615 2614 συλληφθῆναίτε
628 2530 678 2594 καί
693 2526 785 2611 ὠμῶς
791 2526 1008 2611 ἐκκεντηθῆναι
1021 2527 1094 2606 τοὺς
1107 2525 1305 2615 ἀφθαλμσός.

182 2658 208 2712 D
289 2643 328 2731 η’.
352 2644 444 2711 Ἀλλὰ
457 2648 625 2730 ταῦταμὲν
640 2645 747 2724 οὕτως.
777 2650 874 2739 Φωκᾷ
891 2648 925 2713 δέ
943 2647 1122 2738 ἐπειγομίνρι
1137 2653 1321 2731 τηνικαῦτα
1350 2709 1351 2714 ,

278 2791 321 2846 11.
343 2787 441 2846 όστοόν.
465 2790 527 2844 Vid.
543 2809 621 2861 snpra
636 2794 675 2848 1³.
693 2792 726 2846 D.
756 2789 920 2862 ’Ἆγιίαλοα
941 2791 1072 2845 cedrenus
1085 2791 1119 2843 11.
1168 2793 1211 2846 22.
1228 2785 1306 2847 ’ἀλλὰ

208 2867 210 2872 ’
275 2887 311 2899 -
325 2863 408 2930 Φσκᾷ
424 2857 464 2915 ἀί.
501 2861 547 2916 ste
564 2861 705 2914 emendavi.
733 2861 764 2914 in
779 2863 876 2916 Oodioe
888 2869 942 2916 ests
959 2857 1032 2916 ’ἀλλά
1046 2857 1216 2950 ταῦταμὲν·
1234 2861 1312 2930 (εῖτ)Ι

278 2931 362 3002 Φαιᾷ
376 2930 529 2999 τηνικαῦτα
540 2949 566 2984 κ.
578 2950 602 2984 τ.
619 2935 642 2984 λ.
677 2931 765 2983 Possis
777 2939 862 2986 tamen
882 2947 984 3002 quoque
998 2931 1129 2996 scribere,
1149 2929 1222 2986 ἀλλά
1240 2926 1306 2987 τότε

270 2995 328 3074 μὲν
343 3001 426 3074 Φαιᾷ
443 2997 485 3055 ἐπ.
522 2999 581 3054 vid.
595 2998 728 3058 introito
744 3007 825 3055 recto.
870 3041 871 3044 ,

207 3117 1308 3260 tffizhtssltltfftltbt‘itttstttsstlti,ttttttttt

207 3263 252 3322 et,
273 3263 348 3328 terga
365 3258 462 3313 Moesis
474 3259 591 3324 dantem,
608 3260 659 3312 iter
675 3258 709 3310 ad
721 3259 835 3328 reginam
849 3255 950 3311 urbium
963 3257 1102 3324 direxisse,
1121 3257 1231 3322 siforte,
1248 3257 1308 3311 Ro-

206 3326 275 3382 mani
295 3327 484 3397 navigationem
505 3327 689 3397 praeveniens,
706 3327 764 3396 ipae
778 3327 952 3382 'moderamina
963 3327 1099 3382 invaderet
1111 3327 1150 3380 rei
1163 3325 1307 3380 Romanae.

142 3393 144 3398 ’
205 3395 359 3460 Simeonem,
375 3415 440 3464 oum,
458 3397 564 3466 ignarus
579 3408 682 3458 musae,
698 3396 847 3451 insolentem
858 3397 1028 3450 Romanorum
1041 3412 1187 3464 regressuro
1199 3396 1307 3465 conspi-

205 3471 292 3530 oeret,
316 3465 397 3534 primo
412 3466 582 3537 suspicionem
594 3465 723 3531 babuisse,
739 3484 772 3518 no
784 3465 846 3536 qnid
855 3464 908 3518 doli
923 3465 1048 3532 subesset,
1068 3473 1096 3518 et
1109 3463 1213 3518 exitium
1227 3463 1307 3518 Moe-

206 3533 243 3592 sis
259 3531 453 3602 insequentibus
473 3543 624 3605 pararetur:
648 3552 720 3599 mox,
738 3535 782 3588 nbi
798 3535 881 3588 effusa
898 3535 961 3603 iuga
974 3551 1052 3588 ruere
1063 3533 1244 3602 comperisset,
1263 3533 1306 3585 in-

204 3608 324 3656 secutum
342 3602 468 3658 infinitam
486 3604 670 3658 multitudinem
689 3603 827 3658 crudeliter
845 3603 980 3657 occidisse.
1015 3603 1052 3656 ln
1064 3601 1256 3671 oonrpiciuutnr
1270 3599 1306 3656 ad

206 3671 357 3724 hodiernum
370 3671 437 3726 diern
455 3675 542 3726 acervi
555 3673 648 3726 ossium
662 3672 696 3726 sd
709 3672 874 3737 Anchialum,
892 3671 935 3724 ubi
950 3679 1012 3724 tuno
1028 3671 1131 3739 fugiens
1143 3687 1234 3723 caesus
1246 3677 1306 3722 tur-

206 3739 276 3812 piter
286 3738 457 3794 Romanorum
477 3743 605 3796 exercitus
617 3749 667 3798 est.
700 3741 764 3806 Leo,
783 3759 832 3812 quo
894 3741 948 3794 rius
961 3740 1209 3808 Constantinopolim
1222 3739 1305 3792 sdve-

205 3815 298 3874 nerst,
324 3828 372 3879 spe
391 3810 591 3878 deiecturum
613 3811 679 3866 enim
700 3812 813 3864 Romanu
903 3811 941 3862 tio
961 3815 1086 3879 occupato
1100 3809 1180 3862 Pater
1192 3807 1306 3876 Augusti

204 3878 377 3948 proclamatus
388 3879 468 3948 erat),
479 3880 507 3932 in
518 3880 604 3934 Asiam
616 3881 784 3950 perabydum
796 3885 959 3932 transvectus
969 3878 1138 3932 deiectionem
1151 3877 1224 3940 fecit,
1238 3876 1305 3929 rnul-

205 3955 285 4017 taque
304 3949 428 4019 posthaec
450 3955 478 4002 et
488 3949 601 4002 Romano
618 3957 645 4002 et
657 3949 814 4018 reipublicae
829 3948 933 4016 negotia
944 3948 1094 4009 facessivit,
1111 3953 1163 4000 tum
1175 3945 1305 3998 incursio·

204 4015 295 4082 nibus,
321 4027 376 4070 tum
389 4018 490 4072 tributa
502 4035 585 4072 annuo
596 4017 800 4088 intercipiendo,
816 4017 881 4070 susis
913 4017 940 4068 ui
953 4025 1044 4070 eontra
1055 4015 1212 4069 nitebantur.
1247 4013 1305 4067 laun

204 4102 283 4150 roro,
302 4087 466 4170 praedatoria
478 4087 533 4142 eius
546 4105 622 4140 manu
634 4087 742 4140 decursu
757 4085 879 4156 temporis
891 4035 1008 4155 illapsa,
1026 4103 1082 4138 curn
1094 4083 1227 4136 consilium
1239 4100 1305 4136 eon-

203 4161 246 4206 tra
264 4155 345 4224 ipsrus
360 4157 513 4210 sententiam
527 4157 621 4210 exitum
637 4157 786 4218 habuisset,
809 4171 865 4208 euru
878 4155 958 4223 fugae
971 4173 1001 4208 se
1012 4152 1215 4218 commendasse,
1232 4169 1307 4206 oom-

204 4221 405 4296 prebensnmquo
422 4225 522 4280 eliorais
537 4225 619 4280 oculis
632 4225 772 4280 crudeliter
785 4231 956 4278 excaecatum.

272 4311 297 4364 8.
315 4311 408 4400 Leonis
428 4312 536 4369 rebellio
555 4313 622 4367 bunc
635 4301 662 4366 in
672 4309 774 4366 modum
784 4308 941 4380 oonquierit.
975 4308 1087 4364 Pbooam
1098 4309 1182 4370 aulo
1193 4313 1257 4364 trine
1269 4305 1305 4362 od
