2722 5272
268 729 501 802 EXCERPTA
519 731 583 803 EX
602 731 816 804 HISTORIIS
836 735 1028 808 susum
1116 731 1196 810 >375

99 891 316 976 dannatione
329 892 448 954 nullum
465 867 557 976 penis
571 912 620 956 ms
639 902 685 956 est
697 891 859 974 indicitur,
881 917 1051 978 quanquam
1066 921 1194 986 compr-

97 1008 161 1075 τοί,
184 995 259 1056 sdoo
279 994 441 1056 verborum
459 1005 578 1056 tenaces
599 996 691 1056 fuisse
708 996 903 1078 interpretes,
927 1007 963 1060 ut
982 1023 1119 1066 sermone
1136 1027 1194 1087 p..

94 1119 166 1162 rum
181 1097 288 1168 Lethro
303 1097 352 1156 usi
367 1097 444 1174 sint;
466 1107 596 1164 ettamen
613 1097 737 1160 difficile
758 1109 908 1178 seneest,
933 1101 1051 1182 ingenio
1072 1107 1193 1187 lingua.

92 1221 165 1264 rum
186 1199 387 1263 orientolium
406 1201 777 1262 sooommodsreLatinrm
792 1213 823 1266 st
843 1223 1054 1286 saepenumero
1075 1229 1192 1288 vereor,
1270 1191 1299 1262 ‘-

92 1325 132 1366 us
143 1303 226 1365 idem
239 1301 321 1383 quod
332 1321 404 1362 mox
415 1302 450 1362 in
461 1303 526 1364 eliis
539 1303 731 1384 mitigabam,
754 1305 808 1366 olii
820 1303 854 1366 iss
865 1326 914 1368 mo
936 1309 1107 1389 cosfigoorri
1120 1309 1191 1377 sint.

177 1435 433 1518 Abulpheregium
455 1437 614 1520 excipiunt
637 1449 778 1520 excerpts
794 1457 832 1500 ex
845 1442 1000 1503 annalibus
1015 1443 1191 1522 Abulsedss,

92 1540 244 1602 efleisks'o
258 1539 363 1600 Latine
377 1539 503 1601 redditis
516 1551 547 1602 et
560 1551 631 1622 post
644 1543 839 1604 mortemviri
849 1543 1014 1606 doctissimi
1030 1555 1059 1606 ot
1070 1519 1191 1627 linguse

92 1641 237 1704 drsbicse
251 1641 386 1724 opprime
397 1641 489 1722 periti
500 1643 625 1706 Arabico
636 1654 667 1704 et
679 1645 783 1705 Linne
798 1645 886 1706 editis
899 1647 936 1706 sb
952 1648 976 1710 J.
987 1649 1024 1711 G.
1036 1649 1069 1711 0.
1078 1649 1188 1729 Adler,

91 1745 260 1827 professore
274 1743 437 1804 Hsfniensi.
478 1745 573 1806 Notus
584 1755 628 1806 est
640 1757 746 1808 auctor
758 1767 855 1826 noque
867 1747 1007 1809 instituto
1022 1749 1059 1810 ds
1073 1770 1106 1810 so
1121 1751 1186 1812 dis-

90 1847 247 1930 putatione
263 1855 381 1928 tempus
397 1845 538 1908 obsidebo
559 1845 690 1906 lectoris.
718 1847 765 1908 Ex
779 1851 858 1908 noris
874 1849 1040 1910 Reiskianis
1053 1871 1102 1911 sos
1116 1861 1187 1914 tan-

89 1959 157 2008 tum
172 1949 298 2027 retinui,
321 1967 397 2029 quoe
415 1947 504 2008 rebus
528 1946 728 2010 dilucidandis
749 1948 946 2040 inservirent,
968 1952 1089 2032 ceteris,
1112 1973 1187 2036 quse

90 2049 152 2112 Isuo
164 2071 228 2113 non
241 2052 387 2128 frenent,
409 2049 536 2119 omissis.

172 2187 220 2250 Ex
231 2187 378 2248 Elmeoini
392 2185 517 2248 historie
530 2184 706 2246 saracenico
723 2207 800 2268 ques
813 2207 1037 2272 excerpsorsm,
1058 2194 1182 2256 omnino

87 2287 192 2367 omIsi,
215 2309 307 2370 quum
323 2291 544 2372 comparatione
558 2291 636 2350 sacta
649 2289 807 2368 vidissem,
828 2290 874 2350 niI
887 2293 948 2352 sore
967 2293 1004 2352 eb
1021 2313 1056 2354 so
1068 2316 1183 2356 memo·

85 2391 149 2452 n'ae
162 2390 316 2470 proditum
334 2393 438 2476 fuisse,
462 2391 544 2473 quod
559 2411 622 2450 non
636 2391 788 2474 copiosius
802 2402 833 2456 et
845 2393 953 2454 melius
965 2395 1024 2456 ism
1038 2397 1183 2460 traditum
1215 2391 1216 2394 ¹

83 2493 125 2552 sit
138 2491 175 2552 eb
192 2491 416 2576 Abulphersgio
434 2503 464 2554 et
477 2492 634 2562 Abuifedr,

169 2631 283 2692 Ultimo
299 2630 429 2711 deniquo
439 2632 508 2694 loco
520 2631 626 2700 Latine
639 2630 854 2710 interpretaur·
867 2649 933 2690 sum
945 2637 1062 2712 partem
1074 2630 1180 2712 libelli,

85 2741 156 2794 ento
169 2731 228 2794 Iros
245 2717 314 2794 osto
335 2753 429 2794 runos
450 2733 558 2796 editis
575 2733 610 2795 V.
628 2731 741 2792 olarios.
762 2731 799 2793 G.
820 2732 873 2795 W.
892 2733 1067 2812 Pisitags'o,
1088 2732 1178 2812 liogg.
1207 2757 1219 2766 ·*

83 2835 212 2896 Orisrtt,
231 2834 265 2895 in
277 2833 335 2896 heo
350 2835 508 2898 Ausdemis
520 2833 602 2918 prof.
616 2835 702 2916 publ.
715 2831 822 2912 ordin,
844 2852 930 2912 quem
944 2833 1180 2914 linguaedrabi·

82 2957 135 2998 oss
154 2947 377 3019 prsscoptorsm
400 2939 466 3021 ipso
486 2957 630 3016 veneror,
650 2935 712 3002 Iroo
728 2933 785 2996 sub
807 2934 916 2994 titulo:
938 2934 1108 3013 Regiorung
1126 2933 1179 2994 des

80 3038 379 3102 Ssshd-dddoulosu
388 3040 514 3122 AIeppo.
536 3040 598 3102 dus
613 3035 884 3104 einerdrsbisohen
890 3033 1089 3100 Hendschrist
1103 3035 1178 3096 her-

81 3141 261 3222 eosgogeben
282 3159 345 3202 von
364 3143 400 3202 G.
421 3145 469 3203 W.
487 3141 613 3221 Freiteg.
657 3141 769 3200 Textus
784 3137 941 3214 Arabicus,
964 3138 1016 3218 qui
1029 3138 1097 3200 heio
1111 3140 1178 3221 pri-
1209 3205 1212 3212 ,

79 3263 164 3304 mum
189 3242 272 3323 typis
301 3243 470 3324 exscriptus
494 3254 555 3324 est,
578 3251 738 3330 esoni-ptus
758 3250 804 3302 est
822 3262 839 3301 e
858 3241 962 3300 codice
974 3241 1102 3304 Arabico
1117 3243 1176 3302 Ρα-

78 3345 213 3422 risieusi,
236 3344 321 3406 osrius
342 3355 458 3427 portem
478 3347 540 3408 ism
560 3355 646 3406 snteo
666 3344 782 3427 publici
800 3342 876 3404 iuris
894 3344 1005 3404 feceret
1024 3342 1106 3402 idem
1125 3341 1175 3404 vir

78 3447 207 3524 dootus,
227 3445 287 3507 hoo
301 3447 414 3528 indices
436 3449 551 3509 delecta
570 3468 608 3508 ox
622 3446 749 3510 historie
762 3443 886 3522 Helebi5
908 3445 953 3506 ed.
972 3445 1008 3504 G.
1027 3447 1075 3507 W.
1088 3443 1174 3506 Frei-

77 3558 137 3630 tsg.
177 3548 312 3611 Lutetise
331 3551 524 3613 Parisiorum.
548 3553 639 3616 1819.
681 3548 845 3610 Praemisso
865 3556 911 3606 est
932 3546 1051 3626 copioso
1065 3555 1094 3606 et
1113 3545 1173 3604 bo-

77 3671 135 3712 nse
154 3651 249 3732 frugis
269 3652 358 3733 pleno
384 3650 509 3712 editoris
527 3650 686 3731 praefatio,
713 3650 747 3710 in
769 3669 828 3728 qus
848 3647 886 3708 ds
906 3646 1037 3708 auctoris
1055 3641 1123 3708 'vita
1142 3655 1173 3708 et

75 3754 138 3816 fido
158 3753 234 3816 libro
249 3755 311 3816 eius
329 3753 465 3814 habende
479 3761 616 3814 aconito
631 3751 817 3832 disputetum
837 3757 900 3825 ost;
921 3747 1062 3810 brevibus
1079 3747 1171 3826 igitur
1218 3730 1220 3740 Α

75 3857 107 3920 u.
125 3859 146 3919 1.
160 3877 224 3920 rem
236 3855 378 3938 expedire
390 3873 522 3935 possum.
561 3856 655 3916 Notus
670 3864 715 3916 ost
735 3861 843 3916 suntor
857 3872 935 3916 euno
954 3849 1086 3910 Arabum
1107 3850 1171 3920 588

74 3960 198 4040 Hslebi3
225 3979 337 4022 nomen
359 3956 388 4028 oi
407 3956 467 4018 suit
485 3955 617 4018 Ohmero
635 3954 858 4030 ben-Ahmod,
882 3952 1051 4030 designetur
1070 3961 1170 4014 eutem

73 4064 253 4144 plerumque
273 4057 449 4140 cognomine
469 4057 671 4126 Csmslsddiui
695 4052 729 4142 (I.
746 4059 768 4120 I.
788 4077 820 4138 p.
846 4052 1002 4140 XXXVI).
1035 4055 1089 4118 Vir
1110 4053 1170 4114 fuit

72 4185 160 4226 rem
174 4162 345 4240 doctrines,
367 4160 492 4222 eximin
505 4161 701 4244 prudentiss,
726 4161 764 4222 sd
783 4181 831 4222 res
843 4159 969 4240 agendo
981 4167 1068 4218 ustus
1081 4165 1170 4234 atquo

73 4275 182 4346 optus,
211 4265 394 4344 summisque
412 4262 576 4326 honoribus
590 4285 608 4322 s
628 4261 816 4344 prinoipibus
831 4263 894 4324 suis
919 4269 1059 4334 ornatus3
1088 4257 1168 4324 dion

73 4361 153 4428 obiit
171 4385 434 4446 supremumsnoo
448 4364 626 4444 660Mizri,
649 4363 759 4444 oppido
771 4365 962 4447 Aegyptiace.
1003 4359 1166 4422 Historiam

73 4467 266 4531 Hslebiindo
279 4487 298 4526 s
315 4467 427 4548 primis-¹
440 4467 525 4528 urbis
540 4467 633 4530 initiis
649 4466 806 4545 diligenter
821 4476 852 4528 st
866 4473 1022 4541 scennis,
1044 4453 1167 4543 puroet

73 4570 208 4654 simplici
228 4569 349 4631 dicendi
361 4581 465 4650 genere
480 4589 570 4648 usus,
590 4567 751 4632 memoriso
762 4568 930 4644 medonis,
949 4563 1084 4632 venusio
1095 4583 1167 4645 pros

74 4675 180 4739 coieris
202 4673 373 4746 studiosus3
401 4691 461 4753 qus
479 4671 516 4734 do
530 4693 565 4736 re
583 4669 719 4740 iudicent
739 4669 865 4732 lectores
883 4667 960 4750 ipsi,
982 4669 1008 4734 si
1028 4675 1167 4748 excerpts
