2722 5272
204 351 281 440 350
512 371 777 442 annuarum
795 373 993 442 Lucano

200 543 272 619 poet
286 531 480 615 quatriduum
495 541 544 594 me
557 532 646 594 inerit
660 531 751 596 adire.
792 531 942 594 sederunt
955 551 1026 592 cnm
1040 551 1075 592 eo
1090 531 1130 593 ael
1145 531 1300 615 ‹liacepta-

200 639 314 701 tionem
338 645 491 716 vautram,
520 635 686 696 meandum
716 654 819 696 eorum
845 635 1053 712 inditionem,
1088 633 1301 714 rapientiaaimi
1339 713 1346 730 ι

200 741 270 820 viri,
291 739 394 800 Attico
407 739 554 820 pollenter
568 737 697 818 eloquio,
714 737 843 798 Baailiua
858 737 1127 813 Parakimomeuoa,
1141 733 1184 819 ¹⁸)
1206 736 1299 797 Proto

200 866 217 904 a
241 842 380 915 terratia,
409 840 672 915 Protovertiariua‚
703 848 734 900 et
754 838 815 900 duo
836 827 987 919 magistri,
1014 857 1142 918 quorum
1161 835 1222 898 laoc
1240 837 1300 898 luit

198 943 383 1006 narrationis
396 942 535 1002 initiam:
559 941 634 1022 quid
648 961 753 1002 caueae
765 941 820 1017 ait,
841 959 934 1020 quare
947 948 979 998 te
992 937 1052 1000 huc
1064 939 1211 1018 fatiganti,
1234 941 1298 999 lra-

197 1057 262 1125 tar,
285 1047 422 1108 adhaere.
467 1042 582 1118 Quibua
594 1063 662 1103 cum
674 1044 845 1124 parentelae
860 1041 969 1119 gratia,
992 1059 1069 1120 quaa
1086 1051 1164 1102 caret
1179 1041 1296 1102 occario

198 1149 334 1210 infinitae
355 1147 455 1229 pacia,
478 1145 643 1222 edicerem,
671 1145 829 1226 inquiunt:
859 1143 994 1204 inaudita
1015 1163 1063 1202 raa
1083 1153 1142 1220 eet,
1165 1153 1200 1204 ut
1220 1146 1305 1214 Por-¹

197 1249 410 1333 phyregeniti‚
431 1247 702 1330 Porphyrogeuita‚
723 1247 783 1308 hoc
804 1257 864 1324 eat,
886 1248 919 1306 iu
937 1267 1073 1327 purpura
1088 1245 1151 1310 nati
1163 1244 1242 1321 lilia,
1261 1244 1295 1304 iu

124 1359 129 1372 '
198 1373 335 1434 purpura
356 1359 441 1428 nata,
464 1350 600 1429 gentibue
622 1349 798 1425 mieceatur3
820 1369 926 1412 rerum
941 1349 1011 1428 quia
1024 1359 1085 1408 tam
1101 1347 1295 1408 excellentem

171 1465 264 1520 Brem
280 1453 397 1535 petitia,
419 1453 445 1513 ai
467 1453 544 1512 datia
565 1452 648 1532 quod
665 1452 766 1526 decet,
787 1451 939 1530 accipietis
958 1451 1040 1530 quod
1060 1450 1152 1526 libet;
1174 1451 1296 1510 Raven-

197 1578 267 1616 nam
291 1555 423 1629 ecilicet‚
445 1565 475 1614 et
488 1557 613 1614 llomam
636 1573 705 1612 cum
726 1553 773 1612 hia
790 1553 927 1612 omnibua
948 1552 1146 1628 continentia,
1170 1571 1246 1630 quae
1260 1547 1295 1608 ab

197 1659 246 1719 hia
267 1668 339 1718 aunt
358 1675 453 1736 uaqua
471 1655 510 1714 ad
528 1675 593 1715 noa.
639 1655 670 1713 Si
687 1673 761 1714 vero
775 1655 937 1716 amicitiam
952 1655 1063 1734 abaque
1077 1655 1231 1734 parentela
1246 1653 1296 1714 da·

171 1747 176 1760 ⁴
198 1759 349 1834 aideratia,
371 1761 493 1818 Romam
514 1755 641 1814 liberam
662 1776 725 1816 eaae
739 1757 882 1816 Dominae
898 1767 969 1818 tuna
989 1757 1156 1838 permittat:
1179 1757 1301 1826 Princi·.

197 1879 250 1942 pea
275 1869 389 1934 autem,
413 1859 587 1939 Capuanum
607 1857 737 1934 acilicet,
767 1867 798 1919 et
818 1858 1058 1920 Beneventanum
1080 1859 1183 1920 Sancti
1201 1861 1299 1930 nostri,

197 1961 319 2041 Imperii
340 1961 413 2020 olim
442 1981 563 2036 servor,
590 1981 673 2020 nunc
694 1961 835 2038 rebellea,
862 1961 1000 2022 servituti
1020 1961 1166 2041 priatiuaa
1189 1963 1296 2034 tradat,

198 2063 333 2140 Quibua,
354 2062 517 2122 Dominum
532 2081 646 2141 meum,
668 2064 808 2144 inquam,
831 2065 1015 2144 potentiorea
1029 2063 1140 2126 habere
1153 2063 1300 2130 Schlavea,
1316 2125 1319 2140 p

200 2167 290 2228 Petro
311 2165 509 2243 Balgarorum
529 2165 695 2246 negemur
712 2165 920 2248 Chriatophori
941 2166 1129 2246 Imperatoria
1151 2166 1244 2226 filiam
1261 2163 1295 2224 iu

177 2275 178 2282 ’
193 2269 369 2348 coniugium
377 2268 466 2326 duxit
476 2267 563 2326 etiam
571 2267 629 2348 ipei
636 2288 698 2328 nou
708 2268 861 2346 ignoratia.
884 2268 943 2327 Sed
950 2267 1195 2348 christophorus,
1203 2267 1294 2343 aiunt,

195 2391 260 2432 nou
274 2370 551 2451 porphyrogenitus
565 2370 631 2430 suit.
673 2371 867 2446 Renovare,
888 2359 1028 2450 iuquam,
1052 2389 1141 2450 quam
1154 2389 1209 2430 voa
1221 2369 1295 2430 liba-

195 2471 260 2536 rem
289 2493 351 2534 aare
376 2472 454 2533 valle
479 2471 666 2552 perstrepitis
680 2473 738 2532 ¹cui
762 2472 878 2534 aervit‘l
913 2473 964 2532 cui
988 2457 1101 2534 tributa
1123 2470 1293 2553 peraolritl

166 2577 303 2641 clionee
324 2575 410 2655 print
426 2574 632 2634 meretricibua
647 2573 816 2634 aerriebatl
838 2583 869 2634 et
883 2575 968 2647 vobia
983 2575 1217 2653 dormientibue‚
1236 2574 1294 2634 im·

194 2699 245 2738 mo
271 2697 335 2736 non
355 2675 540 2753 valentibus,
568 2676 713 2736 Dominua
735 2696 818 2736 meaa
840 2678 1005 2759 imperatur
1027 2678 1178 2756 Auguatua
1197 2697 1216 2738 a
1234 2687 1296 2736 tam

193 2778 279 2858 turpi
295 2778 440 2838 rerrimte
456 2775 620 2836 liberavit?
643 2779 856 2840 Conamntinm
868 2781 1036 2862 Imperator
1050 2780 1201 2859 Augustae
1210 2823 1221 2859 ,
1238 2777 1294 2860 qui

193 2879 276 2942 hanc
292 2899 331 2940 aar
346 2897 402 2938 auo
414 2877 539 2938 nomine
551 2879 688 2939 condidit
703 2881 871 2961 civitatem,
893 2885 1017 2944 Sanctae
1030 2883 1220 2964 apostolicae
1232 2884 1294 2944 Ro-

193 3001 299 3042 manae
320 2981 489 3057 Eccleaiae,
510 2990 546 3041 ut
568 2992 631 3042 erat
653 2983 883 3065 Koamocrator‚
910 2987 1004 3048 multa
1025 2985 1148 3048 donaria
1166 2984 1295 3046 conmlit

192 3105 256 3172 nou
275 3083 309 3144 in
325 3083 412 3144 ltalia
431 3083 543 3161 colum,
564 3085 617 3144 aad
631 3086 664 3145 in
681 3088 817 3148 omnibua
830 3109 906 3168 pene
918 3088 1161 3150 occidentalibus
1177 3087 1294 3166 Regnir,

192 3207 250 3248 nec
272 3207 336 3250 nou
353 3187 392 3248 da
405 3186 607 3248 Orientalibua
629 3200 717 3270 atque
736 3191 925 3271 issandiam,
948 3191 1074 3252 Graecia
1088 3191 1221 3268 acilicet,
1242 3189 1294 3250 lu-

194 3289 266 3367 daa,
296 3289 431 3366 Percide,
461 3289 694 3371 Mesopotamia,
724 3293 908 3374 Babylonia,
941 3293 1095 3374 Aegypto,
1122 3291 1234 3371 Libya,
1260 3297 1296 3358 ut

193 3385 290 3472 ip'eiue
305 3401 454 3454 testantur
467 3393 642 3474 privilegia,
668 3415 745 3476 quae
756 3415 848 3476 penae
860 3415 916 3456 noa
931 3405 1012 3454 aaut.
1055 3396 1133 3456 Sane
1148 3391 1296 3474 quidquid

194 3494 347 3571 initalia,
369 3495 422 3556 aad
434 3496 467 3556 in
481 3497 629 3574 siaonia,
650 3499 803 3574 Briareia,
825 3497 960 3558 omnibua
976 3496 1098 3556 Domini
1112 3497 1173 3556 mei
1187 3495 1295 3575 Regula

161 3603 256 3674 Deat,
284 3597 367 3675 quod
389 3597 428 3657 ael
448 3597 661 3678 Apostolorum
680 3602 841 3660 Baulorum
861 3599 1026 3674 Eccleeiam
1049 3597 1188 3680 reapicit,
1216 3599 1295 3656 Sau-

193 3698 396 3760 ctiaaimorum
415 3697 629 3779 Apoatolorum
645 3703 765 3764 Vicario
785 3702 923 3763 eontulit.
964 3702 1005 3762 Et
1016 3700 1042 3761 ai
1057 3709 1115 3778 eat,
1137 3709 1174 3760 ut
1189 3698 1295 3760 Demi-

193 3821 252 3862 nue
272 3821 356 3862 meua
376 3821 416 3862 ax
437 3801 486 3861 hia
507 3803 645 3864 omnibua
665 3804 818 3882 civitatee,
844 3805 950 3882 villaa,
977 3803 1087 3864 militer
1093 3845 1105 3880 ,
1130 3811 1182 3862 aut
1205 3800 1295 3862 lami·

192 3903 266 3965 liam
289 3905 440 3982 obtineat,
472 3904 569 3966 Deum
590 3907 706 3986 negavi.
749 3907 810 3968 Cur
824 3907 994 3986 imperator
1012 3925 1086 3966 vero
1106 3923 1170 3965 non
1189 3903 1296 3964 itidem

192 4005 279 4084 lacit,
305 4017 415 4084 ntea,
445 4027 522 4087 quaa
544 4008 606 4068 auia
625 4009 734 4069 'ineunt
756 4007 882 4086 Regma,
910 4007 1121 4090 Apostolorum
1145 4005 1295 4068 Ecclesiae

191 4107 312 4187 addat,
335 4118 366 4169 et
378 4129 434 4192 per
451 4110 601 4191 laborem,
624 4121 713 4193 atque
726 4111 962 4175 munificentiam
974 4109 1095 4174 Domini
1114 4108 1173 4170 mei
1192 4109 1293 4184 ditem,

227 4308 270 4364 18.
293 4307 325 4363 1a
341 4313 383 4364 eat
402 4310 588 4368 mucorem.
608 4312 685 4367 Coa.
