2746 5242
192 728 270 806 ata
390 737 431 808 n.
451 734 498 809 n.
519 735 720 805 roccum
741 678 1087 804 annonanonns

281 896 352 965 145.
369 889 460 977 idai]
482 896 592 956 Eadem
614 915 653 955 ex
672 913 762 955 caasa
784 892 875 954 huius
887 893 977 955 etiam
990 891 1076 955 verbi
1091 891 1209 975 primas
1224 902 1297 955 tan·

198 991 264 1044 tum
275 983 389 1044 litteras
402 981 502 1041 innuit
515 981 680 1041 Cornelius.

287 1067 356 1136 152.
382 1072 443 1146 Τῆς
460 1060 546 1150 :tyto
558 1064 658 1145 τέκνα]
682 1062 808 1142 Agereni
825 1061 957 1136 scilicet,
984 1062 1027 1122 ita
1043 1062 1134 1140 dicti,
1154 1064 1240 1143 qnod
1259 1062 1296 1123 ab

200 1153 324 1216 Isma‘ele
344 1152 556 1212 descenderent
580 1150 644 1209 filio
670 1149 749 1227 Agar
770 1147 895 1207 ancillae
917 1147 1069 1225 Abrahae,
1099 1168 1190 1227 quarn
1220 1149 1295 1229 ipse,

201 1237 392 1321 permittente
404 1239 491 1312 Sars,
512 1235 602 1295 duxit
611 1235 644 1293 in
658 1233 824 1313 coniugem.
865 1232 1047 1376 &asmodi
1062 1234 1193 1313 populos
1207 1235 1296 1294 etiam

202 1333 316 1386 veteres
339 1330 560 1399 cognoverunt:
589 1321 738 1397 algarenoe
764 1318 844 1378 enim
915 1328 1030 1379 morant
1049 1339 1150 1377 sacras
1170 1318 1296 1397 Paginae

201 1409 308 1470 Psalm.
334 1405 485 1466 LXXXII.
508 1425 538 1465 ν.
561 1409 591 1470 6.
619 1425 677 1463 nec
706 1424 768 1463 non
792 1403 906 1462 Plinius
929 1404 982 1463 lib.
1006 1402 1055 1463 VI.
1077 1423 1142 1483 cap.
1165 1408 1215 1470 28.
1244 1404 1296 1484 qui

202 1492 342 1555 Arabiam
358 1491 489 1550 Felicem
504 1489 651 1549 habitasse
668 1487 759 1561 dicit,
782 1497 812 1547 et
831 1488 937 1547 Strabo
961 1486 1013 1548 lib.
1030 1487 1124 1549 XVII.
1142 1508 1210 1569 pag.
1223 1492 1294 1555 528.

201 1579 253 1657 qui
268 1577 350 1654 ipsos
363 1574 538 1635 Nabathaois
553 1573 697 1651 adiungit.
739 1572 963 1634 Observandum
974 1584 1091 1649 temen,
1114 1574 1198 1652 quod
1221 1577 1294 1651 Aga-

200 1680 344 1723 renerum
360 1679 471 1720 nomen
485 1681 502 1718 a
516 1657 729 1720 recentioribus
744 1659 942 1738 scriptoribus
960 1657 1061 1717 latiori
1076 1659 1167 1718 modo
1184 1658 1223 1717 ad
1241 1659 1296 1718 de-

201 1744 361 1824 signandos
390 1764 490 1805 omnes
521 1744 734 1821 cuiuscumque
770 1743 899 1820 regionis
926 1743 1038 1803 Arabas
1068 1763 1104 1802 ac
1131 1746 1294 1803 Saracenos

110 1856 118 1897 t
199 1839 378 1911 usurpatum
392 1814 481 1891 tuit!
503 1829 606 1908 Agraei
622 1828 708 1887 etiam
726 1827 748 1886 ii
766 1829 933 1908 nuncupati
948 1838 1131 1904 occurrunt,
1152 1827 1188 1887 ab
1205 1829 1294 1906 Agar,

200 1916 275 1976 urbe
288 1915 411 1975 Arabiae
424 1916 560 1988 Petraeae
575 1913 726 1995 principe,
750 1914 799 1973 cui
823 1914 948 1974 eandem
962 1913 1040 1992 Agar
1057 1912 1193 1974 Abrahae
1212 1933 1296 1973 uxo·

203 2021 268 2062 rem
281 2019 390 2059 nomen
405 1998 522 2059 dedisse
538 1999 723 2060 contendunt
733 1998 883 2060 nonnulli.
915 2008 919 2018 '

282 2110 352 2172 161.
377 2107 437 2180 Τῆς
455 2106 554 2185 φυγῆς
568 2101 590 2180 ἦ
603 2105 701 2184 ζημία]
723 2103 809 2163 Hanc
822 2127 838 2163 a
853 2103 1023 2184 Nicephoro
1038 2103 1171 2164 habitam
1184 2102 1221 2161 ad
1234 2102 1295 2160 rni-
1339 2099 1340 2103 ’

201 2190 269 2248 lites
293 2190 502 2248 allocutionem
521 2188 623 2246 nullus
642 2209 680 2247 ex
700 2189 916 2268 Graecis,¹qui
935 2189 1035 2248 adhuc
1054 2198 1183 2263 restant,
1204 2187 1295 2246 huius

202 2274 402 2353 expeditionis
417 2272 612 2351 scriptoribus
625 2282 768 2338 recenset.
811 2276 900 2334 Plura
915 2283 1014 2333 tamen
1029 2273 1077 2333 his
1093 2274 1198 2333 similis
1213 2283 1294 2345 sunt,

202 2378 278 2436 quae
296 2359 457 2417 allocutum
475 2377 537 2415 esse
549 2356 752 2438 Nicephorum
775 2357 813 2428 sd
829 2360 937 2440 rpilitea
954 2360 1012 2417 alia
1031 2360 1189 2418 occasione
1202 2359 1295 2417 refert

201 2442 389 2524 Theophanis
415 2444 612 2502 Continuator
641 2462 808 2522 anonymus
843 2444 876 2502 in
901 2445 984 2505 llom.
1012 2443 1079 2504 Iun.
1114 2464 1196 2502 num.
1225 2443 1295 2502 XII.

200 2547 269 2608 pag.
292 2534 363 2594 299.
391 2547 429 2586 ex
456 2547 512 2627 pua
537 2526 611 2585 haec
631 2529 750 2588 adrem
772 2537 904 2587 nostram
924 2528 1043 2609 accipe:
1073 2524 1228 2608 Λάβωμεν
1248 2527 1296 2589 nl-

201 2631 266 2675 στιν
281 2609 338 2693 τήν
352 2616 413 2674 τῶν
429 2614 532 2691 potiar
543 2607 742 2694 φονεύτριαν·
765 2606 1015 2694 α’ννλογισῶμεθα
1034 2609 1081 2677 'irs
1103 2614 1192 2676 ἔνδον
1208 2609 1297 2693 ἐσμὲν

199 2701 256 2775 τῆς
271 2701 424 2777 Συριακῆς
444 2691 558 2775 νήσου·
579 2695 671 2777 μέγαν
685 2699 828 2760 κίνδυνον
843 2694 959 2780 daupi
975 2691 1034 2760 sind
1046 2703 1108 2760 τῶν
1128 2690 1187 2760 ὦδε
1200 2698 1296 2778 φέρει.

201 2780 308 2838 Fidem
326 2784 530 2860 arripiamus,
552 2801 629 2859 quae
646 2784 767 2840 timores
774 2785 914 2860 perimit:
936 2786 1038 2842 animo
1055 2794 1230 2862 reputemus
1242 2804 1296 2841 nos

201 2869 235 2924 in
249 2869 379 2944 Syriaca
394 2868 498 2925 insula
512 2868 639 2928 uersari.
683 2867 793 2948 Ingena
802 2868 977 2947 periculum
997 2880 1057 2947 est,
1077 2871 1107 2926 si
1120 2867 1296 2948 indefuge·

200 2973 308 3011 remur.

286 3041 356 3103 166.
379 3032 454 3110 Oedi·
473 3030 543 3119 γάρ]
570 3037 649 3099 Haec
671 3039 759 3098 etiam
785 3059 802 3097 a
823 3039 972 3119 praefata,
995 3057 1085 3117 quam
1105 3035 1295 3118 Theophanis

201 3119 397 3181 continuator
409 3122 533 3199 recitet,
555 3123 738 3183 allocutione
753 3124 958 3199 illustrantur,
981 3124 1022 3182 ibi
1044 3122 1123 3182 enirn
1141 3123 1186 3181 sic
1204 3123 1297 3182 Nice·

82 3222 114 3275 Ρ,
131 3225 184 3281 335
201 3203 315 3283 phorm
328 3206 479 3284 loquitur:
500 3211 625 3286 Σταῖμεν
635 3208 687 3269 καὶ
699 3197 925 3289 καρτερήσωῖιεν
937 3209 979 3283 εἰς
990 3202 1225 3289 ἆννιπαρᾶναξιν
1235 3211 1296 3268 teir

97 3291 184 3351 Call
203 3282 341 3366 ἆρνητῷν
355 3295 410 3352 τοῦ
427 3294 575 3370 Χριστοῦ,
597 3290 648 3353 eal
666 3288 795 3373 Χριστὸς
809 3290 826 3355 ὁ
840 3289 915 3366 Geir
936 3287 1112 3375 σννεργήσει
1131 3290 1222 3373 ἡμῖν,
1244 3289 1297 3355 eat

201 3365 294 3435 ὀλέσει
313 3368 385 3446 τούς
400 3371 529 3455 ἐχθροΰς
544 3371 649 3454 ἡμῶν,
670 3377 723 3438 nol
739 3371 927 3458 πορθήσεναι
946 3375 980 3442 τὸ
1002 3373 1209 3457 simportus·
1226 3371 1296 3439 ἅλα-

201 3450 298 3531 {ivor
318 3461 373 3520 τοῦ
397 3461 540 3538 Χριστοῦ.
589 3461 709 3534 Stemua
738 3461 885 3541 intrepidi
905 3460 1095 3542 aduersaque
1114 3464 1181 3520 acie
1201 3463 1297 3521 Cirt-

200 3552 283 3600 etum
309 3552 452 3622 negantes
480 3541 616 3622 infideles
638 3544 783 3606 audacter
808 3559 1007 3626 appetamus,
1035 3553 1115 3624 feret
1136 3550 1297 3626 suppetiae

204 3627 346 3686 Christus
355 3630 444 3686 Deus
459 3640 576 3706 noster,
596 3629 752 3710 hostesque
761 3633 959 3712 profligabit,
981 3655 1020 3693 ac
1035 3631 1236 3712 superborum
1251 3635 1297 3690 ei-

200 3733 258 3792 que
269 3714 488 3772 insultantium
503 3712 649 3793 oppidum
661 3738 819 3796 arcemque
833 3716 942 3777 diruet.

287 3798 592 3902 169.“1ἐιχισμᾶτων]
610 3805 665 3880 1ὃίν
688 3832 769 3882 recte
790 3823 906 3899 Codex,
930 3822 1016 3904 quod
1035 3821 1179 3884 mendose
1200 3823 1297 3886 edidit

199 3900 370 3979 Cornelius,
393 3907 446 3964 etsi
460 3907 502 3964 ita
516 3926 578 3964 esse
595 3907 812 3973 emendandum
829 3909 990 3972 adnotavit.

197 4086 199 4089 v
284 4012 354 4074 172.
377 4004 499 4092 Xu'puv]
522 4016 689 4073 Stationem
714 4014 847 4091 scilicet,
874 4034 926 4074 seu
947 4012 1064 4091 sedem,
1092 4005 1124 4076 in
1146 4036 1205 4097 qna
1220 4025 1295 4077 tunc

199 4089 262 4151 dies
283 4094 470 4160 consistebat.
513 4099 672 4177 Eleganter
690 4109 786 4158 autem
802 4098 880 4159 dixit
895 4100 973 4161 diem
987 4103 1087 4160 sedem
1106 4104 1226 4162 tertiam
1237 4101 1295 4162 ha-

199 4175 312 4255 buisse,
333 4188 369 4238 ut
382 4173 485 4240 horam
500 4182 593 4263 ipsius
606 4183 724 4244 tertiam
739 4183 895 4246 indicaret.

285 4283 355 4350 174.
375 4283 427 4360 Ὦς
440 4284 565 4370 ὄνειδος]
588 4291 753 4350 Turcarum
773 4310 885 4350 morsm
907 4291 977 4352 satis
996 4301 1103 4352 notum
1122 4291 1222 4372 tangit
1243 4314 1294 4353 ra·
1328 4352 1337 4370 ,

199 4364 290 4426 dendi
304 4370 360 4429 sibi
377 4374 485 4452 capita.
527 4377 618 4448 Quod
632 4385 731 4448 autem
748 4375 848 4452 addit,
870 4373 911 4448 ὥς
933 4373 1064 4453 ὄνειδος,
1091 4379 1296 4438 Romanorum

199 4448 439 4547 (irascorumque
465 4480 579 4518 morem
607 4461 744 4539 respicit,
773 4461 854 4541 apud
880 4481 955 4538 quos
976 4463 1089 4522 vilibus
1110 4473 1140 4521 et
1162 4464 1294 4541 ignomi-

196 4552 289 4629 messe
308 4536 477 4604 hominibus
502 4546 600 4626 capita
620 4545 810 4605 radebantur.
861 4546 904 4604 De
930 4547 1024 4607 servis
1047 4557 1137 4626 atque
1158 4549 1196 4607 ad
1217 4568 1294 4627 opus

189 4617 352 4726 publicum
368 4626 516 4690 damnatis
536 4631 579 4689 ita
597 4629 804 4690 Artemidorus
826 4629 1003 4694 Oneirocrit.
1025 4632 1075 4696 lib.
1093 4633 1118 4690 I.
1146 4619 1297 4712 cap.‘22s

89 4737 91 4743 ⁴
196 4706 349 4787 Οποτερον
380 4706 414 4773 d’
437 4710 477 4775 tv
505 4719 560 4795 τῆς
587 4719 722 4798 κεφαλῆς
742 4710 836 4793 uirida
857 4714 984 4803 istst—rsa
1007 4711 1063 4781 asin
1086 4710 1131 4780 eie
1154 4713 1293 4781 umet-
